2848 4595
1142 287 1323 396 1543.
1724 322 1741 338 ·
2170 286 2294 358 607

165 449 466 510 ‹inaniet-2
530 446 650 519 81⁸1
684 453 747 511 es
780 447 877 518 liat
910 452 1049 510 (τινα
1084 450 1179 511 ber
1204 449 1412 518 entim
1447 446 1537 510 eiu
1562 446 1761 516 Βεδδεῐ
1796 439 1960 519 latim
1994 446 2292 521 “segetem

164 540 265 608 tofi
308 538 480 611 solem
514 541 672 602 &rab
721 539 960 613 aientem
1011 542 1107 611 bat
1140 553 1270 601 man
1320 540 1447 600 aber
1481 539 1631 608 πίω
1662 541 1900 613 bageam
1939 543 2136 598 ansere
2185 529 2321 608 foti

165 633 330 705 gente
381 630 602 701 mutim
649 631 777 701 aad)
829 637 1031 705 musta
1079 631 1348 700 nasebem
1395 632 1464 692 δα
1509 629 1687 702 (vidie
1717 629 1767 701 ²)
1820 630 2083 704 emmiu
2134 630 2296 696 obers

167 720 224 793 fo
259 728 423 784 mans
454 721 618 796 sagea
651 722 843 789 muts
879 722 1130 784 reuovirt
1164 719 1272 788 iti?

283 819 408 885 ¹Est
441 839 640 885 autem
673 827 829 884 nuda
863 828 1093 899 tabula,
1148 831 1207 886 in
1242 847 1361 903 qua
1394 828 1539 886 nihil
1580 828 1835 885 docetur
1880 840 1975 884 aut
2010 828 2296 901 jubetur,

165 919 274 978 sed
306 919 577 976 modeste
621 919 999 987 ostenditur,
1046 920 1191 992 quid
1236 921 1295 976 in
1344 921 1533 977 veteri
1578 921 1712 992 lege
1761 921 1834 976 de
1878 919 1975 976 his
2022 920 2298 976 traditum

164 1011 259 1067 sit.
323 1010 483 1066 Nam
531 1009 705 1066 etiam
739 1010 914 1066 Mosi
963 1023 1156 1067 mater
1206 1022 1446 1084 putatur
1491 1012 1680 1068 fuisse
1729 1012 1921 1068 amica
1962 1009 2159 1085 patris
2206 1013 2300 1067 sui

162 1103 413 1156 Amram
454 1099 636 1157 Exod
683 1101 771 1168 2.,
840 1099 985 1156 licet
1040 1102 1280 1158 fortiter
1339 1102 1500 1173 Lyra
1558 1109 1885 1174 repugnet,
1951 1118 2075 1157 non
2134 1101 2301 1173 quod

161 1190 402 1247 licuerit
443 1201 621 1258 tunc,
667 1190 788 1247 hoc
832 1191 993 1263 Lyra
1041 1209 1165 1248 non
1217 1194 1368 1265 agit,
1422 1193 1529 1248 sed
1573 1194 1740 1266 quod
1778 1177 2150 1267 impossibile
2190 1192 2301 1247 fuit

163 1281 393 1338 ratione
444 1283 667 1338 aetatis.
733 1281 894 1339 Nam
946 1282 1022 1337 de
1067 1281 1342 1340 Thamar
1383 1283 1585 1339 verbis
1632 1285 1705 1339 ad
1759 1285 2007 1339 fratrem
2053 1286 2300 1338 Amnon

162 1371 313 1428 nihil
344 1372 671 1428 curandum
707 1383 797 1428 est
818 1411 837 1438 ,
872 1371 1022 1429 nihil
1069 1372 1247 1429 etiam
1281 1372 1556 1446 probant.
1625 1375 1724 1430 Sic
1758 1384 1820 1430 et
1850 1372 1948 1430 M.
1975 1372 2296 1447 Philippus

166 1462 349 1517 edidit
393 1457 609 1519 similia
655 1462 748 1522 des
778 1462 1093 1532 gradibus,
1140 1476 1203 1518 et
1242 1466 1409 1536 ponit
1445 1464 1723 1536 exempla
1760 1475 1995 1536 patrum
2033 1463 2202 1538 Isaac
2239 1475 2302 1518 et

162 1553 404 1623 Jacob,
451 1565 513 1608 et
546 1551 925 1610 Marchionis
958 1552 1268 1609 Joachimi
1306 1553 1941 1625 Brandenburgensis,
1990 1554 2094 1626 qui
2131 1553 2305 1609 duxit

166 1644 345 1700 filiam
381 1645 539 1716 regis
574 1643 901 1713 Poloniae,
954 1660 1098 1698 cum
1143 1656 1312 1699 antea
1350 1644 1626 1700 habuerit
1658 1645 1929 1716 ejusdem
1965 1643 2116 1701 filiae
2151 1662 2301 1700 con.

164 1737 505 1806 sobrinam,
554 1735 836 1797 videlicet
890 1733 1067 1790 filiam
1121 1733 1372 1804 Georgii
1426 1735 1622 1791 Ducis
1674 1735 2002 1802 saxoniae,
2061 1735 2118 1814 id
2171 1744 2299 1805 est,

164 1827 340 1884 duxit
389 1828 533 1882 duas
581 1836 792 1900 neptas
840 1826 975 1897 ejus
1025 1824 1185 1896 regis
1233 1817 1558 1894 Poloniae,
1612 1825 1716 1899 qui
1762 1825 1869 1899 tJuit
1904 1825 2074 1898 pat'er
2122 1825 2304 1894 Sigis-

162 1919 371 1973 mundi
409 1918 598 1976 istius.
668 1917 783 1972 Sed
821 1916 930 1973 ista
965 1917 1243 1988 exempla
1276 1931 1400 1971 non
1439 1918 1661 1971 faciunt
1694 1911 1883 1986 legem
1911 1907 2300 1991 populorum,

166 2025 285 2063 nec
318 2019 458 2063 sunt
492 2006 775 2080 trahenda
811 2008 869 2063 in
906 1999 1404 2077 consequentiam
1453 2015 1510 2060 et
1554 2008 1835 2076 regulam.
1905 2006 2125 2078 Neque
2176 2005 2303 2062 hoc

172 2101 320 2156 dicit
353 2100 450 2156 M.
489 2099 840 2171 Philippus,
885 2098 993 2154 sed
1042 2097 1416 2154 observanda
1452 2098 1510 2152 in
1546 2096 2023 2153 consolationem
2060 2099 2305 2154 confes-

167 2204 416 2258 sorum,
445 2206 552 2245 seu
578 2189 1120 2255 conscientiarum,
1151 2186 1208 2242 in
1237 2203 1419 2259 quem
1445 2199 1622 2241 usum
1647 2196 1777 2242 mea
1802 2204 2042 2259 quoque
2077 2188 2305 2244 scheda

167 2282 276 2338 fuit
329 2281 545 2343 emissa
592 2289 803 2336 contra
843 2277 1111 2352 Papam,
1156 2278 1260 2352 qui
1311 2278 1551 2344 vexatis
1587 2278 1975 2334 conscientiis
2013 2279 2309 2335 vendebat

169 2385 470 2447 quartum,
507 2372 766 2441 tertium,
802 2371 1132 2428 secundum
1157 2370 1442 2440 gradum,
1481 2380 1540 2425 et
1561 2382 1626 2425 ut
1649 2371 1746 2429 ine
1771 2371 1953 2439 dixit,
1992 2370 2117 2427 fixit
2142 2372 2306 2442 leges

167 2465 366 2539 pretio
401 2476 579 2536 atque
616 2461 830 2518 refixit.
896 2461 1057 2519 Nam
1095 2462 1172 2516 ab
1204 2462 1368 2527 initio
1406 2461 1713 2517 doctrinae
1747 2474 1991 2517 nostrae
2027 2474 2306 2519 constan-

166 2556 397 2612 tissime
450 2566 512 2608 et
562 2565 854 2626 perpetuo
905 2553 1265 2619 docuimus,
1284 2550 1718 2607 'ordinationes
1765 2564 1823 2607 et
1875 2554 2039 2622 leges
2093 2555 2304 2611 civiles

167 2662 308 2711 esse
362 2644 717 2701 retinendas,
791 2640 1294 2699 Confirmavimus
1346 2643 1503 2697 enim
1558 2653 1616 2696 et
1665 2642 2123 2716 approbavimus
2163 2644 2306 2714 jura

166 2735 360 2790 civilia
397 2746 458 2789 et
491 2734 749 2805 gladium
783 2734 1230 2804 magistratuum
1265 2747 1404 2786 cum
1448 2731 1727 2787 omnibus
1763 2733 1887 2789 suis
1926 2733 2308 2790 ordinationi.

165 2827 324 2893 buS,
375 2824 704 2880 secuudum
752 2824 892 2879 illud
930 2822 1121 2903 Rom.
1159 2825 1251 2877 1³:
1315 2822 1542 2877 Omnis
1585 2822 1809 2876 anima
1850 2821 2305 2895 praesentibus

160 2914 590 2990 potestatibus
623 2908 880 2970 subdita
913 2914 1030 2983 sit,
1084 2923 1143 2969 et
1180 2919 1206 2967 1
1236 2913 1404 2969 Petr.
1441 2916 1501 2969 2:
1541 2911 1794 2969 Obedite
1835 2914 1995 2988 regi.
2065 2914 2304 2971 Deinde

163 3008 295 3063 hoc
331 3007 506 3062 etiam
540 3004 613 3059 ab
650 3004 815 3061 initio
852 3004 1138 3070 fecimus,
1193 3004 1376 3089 quod·
1410 3003 1824 3075 prohibuimus
1865 3007 2058 3075 legem
2093 3005 2308 3079 Moysi

166 3100 230 3155 in
266 3096 610 3154 Ecclesiam
645 3092 891 3163 reduci,
928 3105 984 3148 et
1011 3094 1323 3149 statuimus
1358 3107 1597 3150 nostrae
1622 3094 1858 3167 politiae
1885 3096 2113 3166 legibus
2141 3108 2309 3153 uten-

169 3191 317 3244 dum
350 3204 541 3247 esse..
574 3185 712 3243 Nisi
763 3181 863 3239 ubi
915 3199 1090 3239 casus
1134 3186 1512 3239 necessitatis
1550 3201 1660 3258 pro
1715 3189 2127 3243 consolatione
2163 3206 2309 3245 con-

170 3279 560 3336 scientiarum
595 3294 629 3331 e
662 3275 793 3344 lege
826 3271 998 3328 Mosi
1021 3313 1038 3340 ,
1072 3290 1192 3327 non
1230 3286 1291 3327 ut
1330 3291 1363 3327 e
1398 3276 1565 3343 lege,
1601 3274 1709 3330 sed
1744 3287 1808 3331 ut
1844 3278 2192 3350 exemplum
2228 3295 2311 3335 ex

167 3370 461 3437 historia,
508 3375 712 3440 petere
748 3373 946 3435 cogat.
1017 3363 1143 3419 Cur
1185 3363 1296 3420 ista
1330 3378 1535 3421 nostra
1582 3366 1807 3440 scripta
1839 3385 1963 3424 non
2006 3371 2310 3443 legerunt,

173 3460 236 3515 in
270 3459 490 3532 quibus
525 3456 701 3513 toties
738 3467 1006 3510 nostram
1036 3455 1388 3509 sententiam
1421 3453 1901 3514 declaravimus?
1969 3458 2161 3529 Igitur
2184 3477 2314 3517 ser.

173 3562 393 3605 ventur
426 3549 589 3617 leges
625 3545 844 3618 patriae
881 3555 942 3599 et
973 3543 1448 3613 magistratuum.
1519 3543 1703 3619 Quod
1750 3546 1802 3601 si
1836 3563 2013 3604 casus
2052 3550 2309 3622 incidat,

173 3650 245 3695 ut
291 3642 502 3693 contra
552 3640 711 3708 leges
761 3645 1037 3706 receptas
1090 3633 1428 3688 faciendum
1481 3647 1581 3689 aut
1629 3637 2098 3707 consulendum,
2150 3660 2312 3699 nunc

173 3740 414 3785 utamur
447 3729 576 3798 lege
610 3726 822 3797 Moysi
859 3739 926 3778 ut
961 3723 1275 3794 exemplo,
1315 3721 1493 3794 idque
1529 3722 1764 3795 publica
1800 3733 2153 3786 auctoritate
2186 3748 2311 3786 ma-

173 3821 475 3893 gistratus.
542 3816 601 3871 Si
649 3816 927 3889 publicus
978 3830 1152 3868 casus
1196 3814 1308 3881 sit,
1363 3813 1468 3885 qui
1514 3824 1638 3867 tum
1691 3820 1973 3890 exemplo
2020 3821 2117 3875 tali
2166 3832 2308 3877 sese

176 3925 1242 3953 ,,.,.-.-...-.-..................-.

272 3996 315 4047 ι)
349 3992 398 4038 e.
431 3990 477 4039 P.
506 3993 539 4046 1·
564 3992 716 4045 tenen.
