2848 4595
1258 259 1439 331 1540.
1466 265 1471 271 ·
1874 204 1877 207 ’
2295 261 2420 331 26³

279 416 661 490 λδνρμαχίας,
707 412 951 476 inutiles
969 421 1309 495 civitatibus
1333 434 1394 478 et
1415 424 1575 479 vitae
1596 424 1914 480 hominnm
1931 465 1949 494 ,
1984 423 2244 497 ideoque
2282 418 2424 486 dant

280 525 553 580 operam,
585 518 649 564 ut
685 512 1122 583 quoquomodo
1163 514 1442 570 evolvant
1459 530 1633 581 sese,
1674 514 1832 571 sicut
1869 514 2074 570 labrax
2106 513 2199 581 (5²)
2234 514 2423 587 piscis
2486 550 2489 553 -

279 609 609 672 postquam
640 601 877 655 voravit
900 601 1172 670 hamum,
1205 616 1405 658 tamen
1435 605 1627 659 evadit
1653 603 1806 658 sibi
1791 605 1905 676 ipsi
1932 620 2004 660 os
2029 605 2323 673 lacerans,
2356 616 2426 661 ut

278 690 355 744 ab
396 689 582 744 hamo
631 706 697 745 se
744 692 990 747 avellat.
1043 702 1244 748 tamen
1280 694 1501 748 horum
1544 694 1838 763 judicium
1882 695 2029 749 nihil
2079 696 2151 749 ad
2202 710 2316 749 nos
2366 701 2427 750 et

274 778 620 837 Ecclesiam
656 783 947 852 pertinet,
983 793 1248 838 vestram
1281 784 1766 853 suffragationem
1801 785 2179 857 quaerimus,
2223 795 2284 839 et
2315 801 2431 847 vo-

277 871 521 927 hiscum
556 888 894 942 congruere
927 873 1268 929 voluntates
1291 873 1616 930 Ecclesiae
1647 886 1885 930 vestrae
1916 892 2042 931 non
2065 873 2427 931 dubitamus.

280 961 565 1018 Maxime
589 974 788 1018 autem
816 963 1143 1034 optandum
1168 970 1257 1018 est
1275 1004 1296 1032 ,
1330 975 1396 1017 ut
1418 964 1746 1018 concordia
1764 1003 1785 1034 ,
1827 978 1980 1036 quae
2006 964 2116 1018 fuit
2140 964 2427 1031 hactenus

221 1122 226 1129 ,
278 1054 442 1108 inter
476 1067 749 1110 nostram
785 1067 843 1109 et
878 1064 1142 1109 vestram
1176 1052 1557 1122 Ecclesiam,
1593 1055 1672 1110 sit
1704 1066 2013 1127 perpetua.

415 1175 643 1231 Totam
693 1186 890 1232 autem
927 1176 1419 1242 deliberationem
1455 1195 1569 1233 nos
1612 1175 1859 1251 quidem
1902 1178 1964 1232 in
2013 1177 2125 1233 tria
2159 1175 2432 1253 membra

282 1268 479 1340 partiti
530 1283 760 1323 sumus.
833 1272 956 1324 Aut
1002 1280 1205 1339 petent
1251 1270 1310 1323 in
1345 1269 1619 1324 doctrina
1662 1268 1885 1340 aliquid
1920 1270 2171 1338 mutari,
2217 1278 2320 1323 aut
2367 1267 2431 1325 in

279 1357 553 1413 externis
591 1357 772 1425 rebus
813 1358 1212 1423 necessariis,
1245 1368 1349 1415 aut
1385 1359 1443 1414 in
1480 1358 1743 1413 externis
1778 1373 2031 1432 prorsus
2066 1358 2433 1431 adiaphoris·-

281 1448 390 1505 De
423 1450 691 1505 doctrina
726 1450 900 1521 plane
935 1449 1027 1504 sic
1062 1450 1487 1514 decrevimus,
1532 1464 1646 1504 nos
1683 1465 1938 1521 prorsus
1985 1449 2211 1505 nullam
2245 1458 2438 1502 muta..

286 1540 517 1594 tionem
580 1540 755 1597 ullius
805 1540 1036 1594 articuli
1082 1539 1503 1594 Confessionis
1568 1548 1627 1593 et
1676 1538 2007 1611 Apologiae
2059 1540 2432 1595 admissuros

286 1644 459 1697 esse,
497 1646 866 1703 quocunque
895 1643 1250 1703 praetextu.
1315 1627 1621 1698 Augustae
1655 1644 1895 1701 remeo
1931 1629 2333 1697 adduxerant,
2368 1640 2438 1683 ut

283 1721 467 1777 simul
517 1721 808 1777 articulos
859 1721 1263 1777 conderemus
1316 1720 1672 1788 ambiguos,
1725 1719 2117 1792 flexiloquos:
2166 1736 2263 1775 res
2304 1731 2435 1775 erat.

287 1811 499 1869 similis
535 1812 891 1884 syrmiensis
944 1812 1098 1868 illius
1132 1811 1416 1882 exempli.
1489 1802 1637 1869 Sunt
1681 1822 1882 1866 autem
1918 1828 2018 1866 res
2054 1821 2296 1866 nostrae
2332 1812 2437 1865 ali..

283 1910 506 1975 quanto
543 1903 816 1975 pluribus
852 1902 1377 1958 lucubrationibus
1435 1902 1519 1956 ita
1538 1903 1666 1973 jam
1701 1902 2029 1975 patefactae
2081 1913 2256 1974 atque
2303 1902 2437 1956 illu..

281 2003 542 2061 stratae,
597 2007 697 2061 ut,
749 1992 896 2066 quid
949 2009 1094 2046 vere
1133 1992 1511 2058 sentiamus,
1569 1992 1710 2047 satis
1763 1991 2016 2065 liqueat:
2075 2002 2136 2046 et
2190 1992 2237 2045 si
2289 1991 2444 2064 quid

277 2084 633 2155 requirent,
679 2099 887 2139 coram
924 2083 1359 2138 declarabimus
1395 2093 1637 2138 nostras
1664 2083 2005 2140 sententias
2054 2091 2115 2137 et
2144 2082 2434 2143 oratione
2466 2104 2483 2115 ³

283 2185 343 2229 et
377 2176 664 2249 scriptis,
713 2174 821 2229 se'd
861 2192 1004 2229 cum
1043 2171 1188 2246 ipsis
1226 2175 1513 2228 articulos
1548 2186 1744 2229 novos
1796 2178 2174 2245 nequaquam
2210 2174 2438 2229 conde..

283 2282 419 2323 mus
441 2306 461 2333 ,
495 2282 572 2322 ne
596 2254 821 2322 veritas
850 2276 1018 2321 antea
1054 2266 1338 2321 illustrata
1363 2278 1523 2320 nunc
1549 2265 1723 2320 novis
1752 2262 2099 2335 ambagibus
2126 2264 2446 2322 obruatur,

283 2357 342 2413 Si
367 2358 683 2412 veritatem
711 2365 1039 2430 quaerunt,
1073 2367 1141 2410 ut
1162 2355 1427 2425 jactitant
1451 2395 1467 2423 ‚
1505 2354 1898 2410 assentiantur
1925 2363 2085 2409 recte
2111 2353 2433 2427 explicatis

284 2448 698 2520 dogmatibus:
759 2449 809 2503 si
862 2457 1090 2502 tantum
1148 2445 1291 2501 illud
1343 2454 1561 2516 agunt,
1617 2457 1681 2499 nt
1728 2443 2209 2524 cavillationibus
2252 2446 2433 2522 novis
2519 2484 2523 2487 »

281 2532 612 2613 decerpant
656 2537 876 2613 aliquid
928 2538 1002 2592 de
1054 2536 1410 2591 auctoritate
1449 2535 1757 2591 doctrinae
1803 2538 2079 2604 nostrae,
2134 2527 2431 2604 fugiamus

283 2648 394 2686 eos
441 2637 507 2684 ut
543 2629 947 2702 sycophantas
998 2628 1209 2697 dignos
1257 2627 1417 2681 odio.
1490 2627 1695 2709 Discit
1729 2626 1928 2682 Senex
1974 2626 2036 2682 in
2067 2628 2432 2692 Comoedia,

279 2720 595 2795 quomodo
642 2718 971 2776 eludendus
1007 2720 1085 2774 sit
1135 2720 1485 2773 foenerator
1528 2716 1903 2788 captiuncula
1953 2717 2027 2772 de
2075 2717 2169 2773 die
2217 2713 2300 2792 ἕνῃ
2334 2722 2440 2776 καὶ

275 2809 390 2888 νέᾳ.
460 2811 561 2867 Ab
581 2811 862 2868 Ecclesia
897 2811 1107 2881 procul
1144 2808 1543 2881 explodantur
1575 2808 1725 2864 tales
1764 2807 2210 2876 cavillationes,
2249 2809 2434 2864 absit.

285 2921 402 2976 que
442 2903 578 2957 illud
616 2902 959 2960 Sinonium.
994 2902 1137 2957 Aut
1159 2915 1426 2954 versare
1452 2897 1636 2952 dolos
1670 2901 1787 2951 aut
1819 2904 2034 2953 certae
2068 2891 2447 2955 occumbere-

280 2993 500 3048 morti.
547 2992 606 3061 ⁴)
690 2991 829 3047 Nos
890 2990 1155 3062 tyrannis
1211 2991 1412 3061 potius
1463 2990 1738 3044 cervices
1791 2988 2099 3074 feriendas
2137 2987 2434 3060 praebere

282 3085 495 3154 decet,
549 3098 726 3155 quam
763 3079 1158 3150 Evangelium
1210 3079 1310 3135 filii
1348 3078 1472 3134 Dei
1512 3095 1926 3150 corrumpere.
1993 3077 2221 3134 Extant
2259 3077 2432 3131 Cate-

284 3174 504 3242 theses
531 3183 771 3230 vestrae
799 3182 854 3227 et
881 3183 1121 3226 nostrae
1150 3170 1488 3235 Ecclesiae,
1526 3170 1585 3225 in
1622 3167 1839 3241 quibus
1865 3170 2171 3225 doctrinae
2196 3167 2438 3226 summa

280 3265 565 3324 traditur,
616 3280 773 3334 quae
820 3279 943 3315 non
993 3259 1257 3315 obscure
1307 3270 1640 3326 testantur,
1697 3275 1812 3313 nos
1865 3244 2007 3312 vere
2062 3272 2433 3313 consensum

280 3339 616 3409 catholicae
692 3351 1003 3409 Ecclesiae
1053 3349 1286 3405 Christi
1339 3351 1411 3403 de
1460 3351 1729 3404 doctrina
1795 3348 2077 3418 amplecti
2120 3347 2202 3402 'et
2254 3349 2426 3403 tueri.

281 3445 639 3502 Retinemus
665 3443 945 3513 Symbola
964 3482 982 3510 ,
1018 3454 1411 3512 repurgamus
1439 3438 1795 3493 sententiam
1825 3439 2014 3492 totius
2040 3438 2428 3510 propheticae

282 3544 340 3591 et
361 3534 727 3614 apostolicae
757 3533 1091 3604 Scripturae
1120 3529 1193 3585 de
1221 3529 1587 3601 poenitentia
1623 3538 1682 3584 et
1720 3527 1804 3581 de
1824 3527 1961 3585 fide.
2027 3527 2441 3585 Restituimus

255 3626 614 3696 „legitimum
649 3637 822 3678 usum
870 3623 1393 3677 Sacramentorum
1414 3659 1433 3687 ‚
1487 3615 1952 3674 monstravimus
1989 3619 2133 3690 quid
2167 3621 2433 3675 sentien-

279 3719 425 3774 dum
462 3718 538 3773 sit
571 3716 645 3771 de
682 3712 1119 3786 superstitiosis
1146 3709 1390 3779 ritibus,
1430 3724 1783 3766 revocamus
1816 3709 1944 3778 pios
1985 3709 2053 3765 ad
2088 3727 2232 3766 vere
2267 3711 2438 3770 bona

383 3971 432 4020 ⁸)
466 3963 688 4022 virgil.
720 3961 924 4012 Aeneis.
953 3960 1013 4008 11.
1041 3962 1107 4010 62.
