2848 4595
448 231 577 306 262
715 314 732 337 ,
1422 229 1608 302 1540.

441 401 544 449 est
559 433 578 462 ‚
611 394 925 453 credamus
948 412 1091 454 sane
1114 394 1422 463 Lundensi
1441 434 1461 463 ,
1495 412 1619 451 non
1652 394 1803 461 falso
1825 393 2094 468 promitti
2116 380 2579 450 deliberationes

444 485 521 541 de
557 489 916 543 concordiax
969 506 1043 544 ne
1075 488 1192 544 hae
1227 488 1474 561 quidem
1505 496 1718 543 vacant
1759 488 2053 559 periculo.
2121 486 2198 541 Ut
2250 486 2578 556 optandum

445 586 584 644 est,
621 578 901 633 Carolum
937 596 1080 636 vere
1128 592 1190 635 et
1234 595 1316 635 ex
1363 579 1562 634 animo
1597 579 1753 634 velle
1785 576 2121 647 Evangelio
2158 590 2332 632 suam
2376 575 2581 631 lucem

439 668 668 724 restitui
700 680 761 724 et
794 670 1024 727 divinae
1059 673 1200 728 voci
1232 688 1477 744 parere,
1528 686 1684 742 quae
1728 667 1974 736 regibus
2010 665 2443 734 concionatur,
2490 663 2579 720 in.

440 756 688 827 quiens:
738 757 836 814 Et
881 775 1056 816 nunc
1088 763 1305 836 Reqes
1349 759 1728 836 intelligite:
1779 757 1859 814 ita
1898 755 2288 813 metuendum
2334 762 2461 846 gat,
2509 763 2580 811 ut

438 856 606 901 nunc
654 848 819 903 aulae
868 860 1006 904 sunt
1041 850 1248 923 plenae
1284 844 1690 924 sophistices,
1735 848 1859 905 hoc
1903 856 2141 918 agatur,
2188 854 2254 901 ut
2298 856 2425 901 arte
2468 842 2577 898 ob.

436 948 649 990 ruatur
695 954 838 993 vera
873 938 1146 995 doctrina
1180 939 1358 996 novis
1409 939 1760 1013 praestigiis.
1828 937 1899 996 In
1933 936 2175 1007 Synodo
2212 933 2536 1006 syrmiensi
2550 950 2599 1000 ,‘

436 1040 580 1081 cum
608 1027 998 1084 Constantius
1033 1030 1385 1093 dissidentes
1412 1030 1723 1087 Ecclesiae
1751 1028 2071 1086 conciliare
2106 1025 2373 1082 studeret
2391 1063 2412 1093 ,
2447 1039 2576 1080 non

436 1132 650 1179 errore
689 1116 958 1186 sublato,
993 1119 1101 1174 sed
1136 1121 1379 1190 fucato,
1415 1118 1767 1191 Symbolum
1792 1118 2102 1176 Nicenum
2135 1125 2426 1172 mutatum
2459 1123 2577 1183 est,

434 1214 501 1260 et
536 1205 808 1278 quaesita
842 1222 969 1264 vox
1020 1207 1292 1279 ambigna
1328 1209 1706 1277 eommunis,
1757 1224 1937 1281 quam
1971 1218 2182 1263 neutra
2225 1221 2369 1278 pars,
2399 1220 2577 1277 repu-

434 1294 665 1366 diaret,
699 1297 919 1367 placuit
952 1298 1094 1371 poni
1131 1316 1243 1371 pro
1280 1296 1565 1372 ὅμοουσίῳ,
1601 1294 1798 1365 imm:
1850 1298 1958 1354 sed
1991 1297 2168 1369 paulo
2204 1305 2344 1368 post
2374 1295 2576 1367 erupit

431 1388 662 1443 malurn
687 1405 895 1445 rursus
920 1391 1114 1447 multo
1142 1389 1488 1460 violentius,
1524 1400 1582 1446 et
1602 1389 1755 1449 haec
1793 1389 1920 1462 ipsa
1951 1387 2307 1458 ambiguitas
2342 1387 2576 1459 peperit

431 1494 594 1533 nova
630 1479 974 1536 certamina.
1041 1480 1271 1536 Eadem
1307 1495 1557 1554 prorsus
1593 1481 1722 1553 jam
1756 1478 1928 1550 fient,
1975 1479 2027 1535 si
2079 1488 2284 1548 agetur
2316 1478 2390 1533 de
2423 1494 2575 1533 con.

430 1567 662 1623 cordia.
728 1568 972 1626 Vidistis
1004 1569 1166 1625 haud
1200 1569 1381 1627 dubie
1404 1570 1769 1626 Coloniense
1803 1570 2133 1641 scriptum,
2164 1569 2223 1623 in
2257 1585 2379 1641 quo
2414 1565 2574 1622 affin.

346 1706 356 1725 ‚
430 1662 657 1728 guntur
677 1659 964 1716 abusibus
991 1661 1441 1717 commodiores
1474 1654 2015 1735 interpretationes.
2079 1658 2164 1715 Et
2188 1659 2317 1715 laus
2355 1658 2571 1728 ingenii

430 1759 716 1821 putatur,
771 1750 881 1806 has
936 1752 1301 1824 sophisticas
1356 1751 1594 1822 glossas
1649 1751 2024 1821 excogitaret
2079 1750 2281 1820 itaque
2337 1747 2575 1806 Romae

422 1838 555 1911 jam
592 1851 653 1895 et
686 1841 742 1895 in
769 1839 978 1897 Galliis
1012 1842 1071 1896 in
1104 1842 1492 1897 admiratione
1518 1851 1661 1897 sunt
1695 1840 1951 1897 artifices
1974 1839 2189 1896 harum
2215 1839 2573 1908 glossarum.

431 1929 569 1987 Huc
592 1947 738 2000 ergo
761 1930 1111 1987 decurretur
1126 1971 1144 1999 ,
1183 1931 1410 1986 articuli
1434 1942 1869 2003 proponentur,
1901 1941 1968 1985 ut
1990 1915 2231 1989 errores
2264 1938 2325 1984 et
2346 1928 2571 1984 abusus

428 2019 582 2093 picti
624 2021 785 2075 fucis
836 2020 1195 2091 quibusdam
1229 2021 1634 2077 restituantur.
1697 2019 2039 2087 Fortassis,
2094 2029 2160 2073 ut
2203 2032 2345 2074 esca
2373 2017 2575 2090 'aliqua

430 2110 661 2165 deliniti
704 2111 1131 2179 assentiamur,
1178 2110 1355 2165 nobis
1408 2125 1656 2182 quoque
1689 2108 1998 2165 donabunt
2045 2108 2279 2180 aliquos
2323 2117 2573 2164 nostros

430 2198 770 2255 articulos.·
808 2200 1049 2255 Deinde
1089 2197 1386 2270 jubebunt
1418 2215 1534 2254 nos
1570 2200 1889 2254 consulere
1926 2215 2049 2254 non
2083 2197 2259 2255 nobis
2306 2206 2572 2279 tantum,

427 2289 539 2344 sed
590 2292 768 2346 etiam
817 2290 1071 2345 caeteris
1121 2288 1504 2359 nationibus,
1556 2307 1711 2363 quae
1762 2288 2176 2361 deterreantur
2231 2305 2264 2344 a
2317 2287 2573 2344 meliore

431 2380 742 2448 doctrina,
778 2379 827 2434 si
851 2380 1150 2435 horridius
1186 2380 1383 2435 omnia
1406 2388 1614 2436 nostra
1647 2379 1973 2436 defendere
2000 2379 2277 2435 velimus.
2342 2378 2575 2435 Dicent

430 2470 508 2524 de
541 2470 824 2543 periculis
860 2470 1123 2527 civilium
1155 2470 1492 2540 bellorum,
1540 2471 1725 2527 satius
1762 2459 1937 2540 es'se,
1982 2470 2323 2528 mediocres
2354 2468 2575 2526 Eccle-

428 2559 579 2631 sias‚
609 2577 784 2632 quarn
808 2562 999 2617 nullas
1026 2560 1270 2617 habere.
1325 2560 1449 2617 Has
1472 2576 1662 2616 voces
1688 2562 1748 2616 in
1776 2561 2180 2617 conventibus
2205 2559 2324 2616 diei
2346 2559 2570 2616 scimus

428 2651 612 2707 etiam
645 2668 676 2706 a
712 2652 969 2721 nostris,
1017 2661 1078 2707 et
1110 2651 1308 2708 valent
1339 2650 1497 2706 haec
1532 2662 1903 2721 argumenta*
1932 2652 2087 2724 apud
2118 2649 2401 2709 homines
2432 2668 2575 2725 pro..

428 2743 638 2811 fanos,
683 2752 1021 2798 metuentes
1070 2741 1196 2798 suis
1249 2742 1465 2815 opibus
1519 2752 1620 2795 aut
1665 2740 2112 2813 voluptatibus,
2167 2759 2430 2815 quorum
2480 2753 2576 2804 est

431 2829 656 2904 ubique
707 2847 917 2904 magna
950 2830 1293 2890 multitudo.
1386 2831 1684 2888 Fortassis
1736 2844 1798 2888 et
1850 2832 2095 2889 insidiae
2142 2843 2414 2905 spectant
2460 2849 2571 2900 eo,

429 2931 501 2976 ut
551 2921 960 2993 disjungantur
1005 2923 1240 2992 nostri,
1305 2940 1466 2996 quos
1522 2923 1840 2980 adversarii
1893 2923 2117 2998 alioqui
2164 2939 2287 2979 non
2344 2921 2573 2996 optime

430 3011 767 3067 cohaerere
790 3011 1009 3067 vident.
1083 3010 1280 3069 Erunt
1303 3028 1450 3081 ergo
1474 3012 1678 3086 aliqui,
1713 3013 1815 3087 qui
1839 3013 2025 3078 levari
2053 3029 2219 3082 cura,
2246 3014 2571 3080 sumtibus,

427 3102 718 3175 periculis
752 3102 993 3171 volent,
1048 3118 1179 3158 eam
1228 3101 1310 3157 ob
1345 3118 1589 3160 causam
1629 3102 1770 3159 boni
1819 3106 2137 3161 consulent
2170 3120 2388 3159 munus
2424 3104 2572 3158 Cae.

432 3193 624 3261 saris,
673 3194 875 3249 dicent
916 3209 983 3249 se
1016 3193 1091 3246 de
1125 3193 1378 3250 caeteris
1412 3211 1536 3250 non
1586 3205 1954 3267 pugnaturos
2003 3210 2175 3264 esse,
2227 3195 2571 3265 fugiendum

433 3298 573 3338 esse
622 3281 797 3338 civile
843 3275 1090 3339 bellum.
1159 3283 1319 3341 Tam
1361 3286 1525 3339 varia
1570 3285 1833 3356 pericula
1873 3299 2014 3339 cum
2064 3284 2198 3341 illae
2250 3284 2572 3341 insidiosae

433 3373 1241 3445 compositiones-allaturae
1291 3374 1445 3444 sint,
1502 3375 1779 3445 profecto
1828 3369 1941 3445 piis
1991 3390 2146 3447 opus
2200 3385 2291 3430 est
2340 3357 2573 3429 adferre

432 3465 666 3518 animos
700 3461 856 3519 bene
891 3475 1130 3536 paratos
1161 3479 1235 3518 ac
1271 3463 1697 3532 confirmatos,
1744 3480 1900 3536 opus
1936 3475 2030 3520 est
2064 3465 2241 3521 etiam
2276 3465 2363 3520 eis
2398 3464 2573 3522 firmo

432 3568 741 3610 consensu
785 3540 941 3612 'i'nter
973 3570 1131 3610 sese.
1200 3553 1404 3630 Quare
1452 3566 1523 3609 ut
1567 3555 1815 3612 consilia
1856 3555 2417 3625 communicemus,
2462 3557 2575 3610 du-

430 3644 639 3701 ximus
682 3643 860 3700 vobis
912 3631 1354 3713 significandam
1406 3659 1548 3698 esse
1598 3657 1896 3697 summam
1947 3656 2189 3700 nostrae
2242 3645 2573 3702 sententiae

435 3749 509 3789 ac
542 3734 735 3790 nostri
772 3734 1050 3801 consilii,
1084 3750 1156 3789 ae
1190 3733 1450 3804 petimus
1483 3733 1790 3799 vicissim,
1826 3727 1890 3789 ut
1921 3731 2188 3790 vestram
2222 3738 2574 3792 sententiam

431 3824 613 3881 nobis
649 3822 1016 3893 significetis.
1079 3821 1214 3880 Etsi
1248 3822 1411 3878 enim
1449 3823 1721 3879 fortassis
1758 3837 1895 3878 suns
1930 3825 2083 3894 apud
2118 3841 2233 3880 nos
2253 3865 2274 3895 ,
2311 3836 2376 3882 ut
2409 3825 2571 3895 alibi,

429 3912 716 3974 ,homines
764 3911 1041 3987 profani,
1100 3914 1203 3986 qui
1246 3913 1401 3970 haec
1455 3914 1776 3969 certamina
1829 3913 2104 3985 judicant
2163 3931 2302 3973 esse
2365 3918 2572 3982 inanes
