2848 4595
530 257 654 321 522
1501 254 1681 329 1642.

534 370 913 469 Gratiam-et
948 432 1176 487 pacem.
1249 414 1421 491 Quae
1460 416 1709 485 scribis,
1759 416 1844 471 mi
1878 412 2071 483 Jona,
2107 413 2179 469 de
2217 415 2408 469 fructu
2445 412 2653 479 verbi,

531 503 720 560 laetus
755 507 978 562 audivi:
1015 506 1152 561 alias
1192 518 1248 562 et
1288 509 1490 561 laetius
1526 510 1614 579 egi
1651 508 1707 562 in
1737 508 1853 561 tuis
1890 506 2091 561 literis.
2163 504 2298 576 Ipse
2326 494 2650 571 Dominus,

531 597 633 665 qui
685 598 880 667 coepit
923 613 1078 668 opus
1127 614 1333 663 suum,
1393 596 1691 667 perficiet,
1743 601 1961 652 Amen.
2027 594 2127 650 De
2174 595 2408 655 silentio
2447 594 2656 667 Cardi-

531 686 679 740 nalis
717 683 772 753 ⁴)
819 701 923 739 seu
961 702 1103 757 pace
1141 688 1267 741 data
1321 704 1431 758 ego
1483 689 1793 761 suspicor,
1843 700 1900 741 ct
1936 701 2074 742 cum
2122 685 2234 741 illis
2270 684 2495 751 sentio,
2550 685 2655 755 qui

532 786 881 846 suspectum
900 775 1119 830 habent
1133 777 1255 831 hoc
1272 793 1553 847 organum
1573 779 1808 831 Satanae
1828 776 2375 845 singularissimum.
2426 774 2653 844 Neque

533 863 773 932 dubito,
824 868 967 936 quin
1017 868 1090 920 sit
1134 884 1319 922 novas
1370 869 1607 922 daturus
1658 866 1859 921 turbas
1910 867 2263 938 aliquandO,
2314 878 2372 918 ut
2410 844 2653 919 ta‘ndem

528 955 718 1008 mirati
745 972 1030 1022 cogamur
1065 974 1202 1012 cum
1227 958 1375 1028 Syro
1414 957 1514 1012 illo
1540 958 1842 1024 Terentii,
1881 970 1938 1012 et
1964 958 2190 1011 dicere:
2227 955 2369 1010 Hoc
2399 970 2652 1027 semper

529 1044 772 1099 levitas.
844 1046 1143 1112 Mirabar,
1182 1063 1468 1117 quorsum
1506 1047 1626 1102 hoc
1664 1049 1768 1102 iret
1804 1050 2040 1102 Satanae
2077 1048 2399 1101 silentium:
2440 1058 2497 1099 ut
2537 1046 2655 1099 sci.

530 1151 665 1189 mus
703 1137 830 1205 ejus
866 1138 1287 1204 cogitationes,
1333 1139 1528 1205 magni
1564 1138 1777 1209 aliquid
1815 1138 1935 1193 alit.
2001 1136 2283 1208 Denique
2333 1147 2388 1190 et
2436 1136 2540 1189 tibi
2592 1136 2654 1189 iu

531 1204 733 1279 atu-*em
785 1227 905 1280 hoc
965 1227 1133 1293 dico,
1196 1226 1345 1281 mihi
1396 1228 1626 1282 moveri
1680 1229 2058 1299 suspiciones
2120 1229 2419 1295 ingentes,
2482 1226 2653 1295 quod

533 1328 738 1369 contra
774 1316 1042 1371 Turcam
1091 1331 1202 1369 nos
1237 1315 1563 1371 Lutherzmi
1613 1319 1913 1372 mittantur
1962 1318 2088 1372 sere
2130 1317 2264 1370 soli.
2331 1316 2468 1368 Rex
2504 1314 2653 1369 Fer-

531 1406 814 1459 dinandus
863 1422 941 1461 ex
987 1407 1234 1461 Boemia
1282 1407 1593 1477 pecuniam
1643 1407 1915 1462 bellicam
1969 1406 2231 1461 abstulit·
2262 1406 2535 1472 tandem,
2593 1415 2657 1460 et

532 1495 840 1566 probibuit
864 1497 1107 1550 militem
1134 1498 1304 1551 mitti.
1377 1498 1595 1551 Caesar
1622 1498 1765 1551 nihil
1793 1499 1974 1553 facit.¹
2019 1496 2217 1569 Quid,
2255 1497 2301 1549 si
2328 1495 2657 1550 comitium

534 1600 744 1638 eorum
779 1585 886 1652 sit,
923 1596 984 1638 ut
1018 1602 1049 1639 a
1085 1585 1289 1643 Turca
1326 1587 1705 1640 occidamur?
1771 1585 1873 1661 De
1906 1585 2055 1640 Halli
2091 1600 2332 1657 quoque
2370 1596 2465 1639 tua
2500 1600 2656 1639 con.

533 1673 662 1728 silia
699 1675 973 1729 ineuntur
1007 1676 1099 1738 (ut
1135 1674 1371 1738 metuo)
1407 1677 1547 1729 satis
1586 1677 1860 1729 satanica.
1931 1674 2043 1728 nic
2092 1676 2377 1743 orandum
2415 1684 2543 1739 est,
2589 1686 2656 1729 et

533 1763 812 1819 Ecclesia
857 1765 1162 1819 excitanda
1197 1777 1326 1832 est,
1376 1778 1439 1819 ut
1478 1782 1584 1836 pro
1618 1765 1801 1834 gloria
1835 1764 1953 1818 Dei
2003 1773 2135 1817 oret
2168 1763 2655 1820 contra-'furcas

536 1842 833 1922 carnales,
884 1854 937 1908 id
973 1865 1098 1923 est,
1130 1854 1595 1908 Mahometistas
1630 1864 1688 1908 et
1722 1854 1991 1908 forenses
2011 1893 2030 1921 ,
2067 1854 2172 1907 sed
2207 1853 2393 1922 magis
2440 1864 2657 1911 contra

534 1942 764 1999 Turcas
801 1944 1171 2014 spirituales,
1234 1944 1287 1997 id
1326 1955 1452 2009 est,
1502 1943 1868 1997 domesticos
1906 1954 1962 1997 et
2001 1943 2398 1999 Meinzianos.
2467 1944 2654 2016 Spem

535 2040 732 2088 tamen
766 2032 996 2101 habeo,
1043 2034 1203 2104 quod
1239 2033 1494 2087 infelicia
1531 2022 1643 2087 sint
1678 2033 1868 2089 futura
1911 2048 2122 2086 eorum
2156 2033 2399 2088 consilia
2421 2074 2440 2101 ,
2491 2050 2653 2104 quae

535 2124 663 2178 eine
684 2124 824 2178 Deo
858 2134 1062 2178 contra
1086 2122 1318 2189 Deum,
1355 2132 1412 2176 et
1446 2123 1608 2194 quod
1642 2121 1932 2194 optimum
1972 2132 2094 2186 est,
2130 2135 2336 2177 contra
2373 2123 2655 2193 ipsorum

538 2213 966 2269 conscientiam
1013 2222 1352 2267 tractantur,
1419 2211 1634 2282 Neque
1684 2213 1839 2266 enim
1876 2212 2230 2269 metuendus
2280 2227 2371 2268 est
2415 2214 2651 2284 bostis,

536 2304 637 2374 qui
671 2317 880 2358 contra
912 2303 1334 2357 conscientiam
1375 2318 1542 2356 suam
1580 2303 1953 2358 manifestum
1995 2303 2209 2373 aliquid
2246 2304 2481 2375 publice
2517 2321 2657 2360 mo..

535 2393 694 2458 litur,
729 2394 985 2448 maxime
1012 2393 1061 2449 si
1085 2393 1450 2446 oraverimus
1478 2393 1702 2450 sortiter
1729 2403 1786 2447 et
1809 2390 2197 2449 confidenter.
2260 2394 2381 2447 Fur
2402 2395 2653 2466 quidam

536 2494 745 2539 contra
790 2484 1515 2548 conscientiam·suratur‚
1564 2482 1669 2536 sed
1719 2481 1840 2537 hoc
1880 2481 2029 2536 facit
2078 2481 2260 2536 clam:
2311 2481 2375 2535 hi
2411 2483 2655 2554 publicu

538 2573 862 2628 moliuntur
910 2581 1111 2632 contra
1157 2571 1604 2626 conscientiam.
1669 2569 1758 2624 Ea
1813 2587 1986 2640 spero
2034 2587 2153 2624 non
2188 2570 2456 2625 habitura
2507 2589 2657 2628 suc.-

535 2677 815 2730 cessum,
851 2671 909 2717 et
941 2661 1083 2717 Dco
1118 2661 1330 2730 gratia,
1368 2661 1530 2732 quod
1567 2675 1775 2714 eorum
1813 2660 2055 2715 consilia
2104 2676 2239 2715 esse
2274 2647 2396 2715 talin
2434 2662 2655 2718 intelli.

539 2754 732 2824 gimus
758 2793 774 2822 ,
812 2763 869 2807 et
904 2752 1170 2806 oratione
1205 2750 1499 2805 hactenus
1536 2750 1780 2806 feliciter
1810 2750 2169 2817 restitimus,
2198 2761 2256 2805 et
2291 2751 2650 2810 resistemus

537 2859 730 2915 usque
780 2843 838 2898 in
887 2842 1060 2896 finem
1111 2857 1218 2909 per
1271 2841 1399 2910 ejus
1453 2840 1766 2906 virtutem,
1835 2829 1933 2909 qui
1985 2856 2096 2910 pro
2146 2838 2323 2894 nobis
2379 2840 2653 2897 infirmus

539 2935 731 2988 factus
756 2973 772 2997 ,
804 2932 1039 2987 tandem
1076 2941 1346 2986 conteret
1384 2917 1650 3000 ipsorum
1694 2928 1917 2982 furiosa
1954 2928 2217 2983 consilia.
2284 2929 2406 2989 αηδ
2443 2929 2544 2997 full
2577 2929 2653 2998 fic

541 3022 718 3088 nicht&
753 3015 949 3088 δείξαι.
1017 3021 1121 3076 Tu
1147 3037 1319 3083 cura,
1356 3031 1418 3072 ut
1447 3017 1715 3072 Ecclesia
1748 3028 1880 3071 oret
1904 3022 1951 3082 1)
1993 3019 2298 3087 diligenter
2321 3038 2431 3091 pro
2454 3036 2649 3076 exer.

539 3116 664 3169 citu
699 3132 731 3168 a
767 3114 938 3168 nobis
970 3111 1209 3183 quidem
1246 3110 1470 3174 misso,
1511 3109 1615 3162 sed
1651 3107 1722 3163 ab
1758 3107 1866 3160 illis
1903 3109 1993 3171 (ut
2027 3108 2327 3180 suspicor)
2364 3111 2646 3182 prodito,

539 3217 608 3259 ut
653 3204 1084 3260 confundantur
1131 3199 1185 3254 in
1231 3200 1494 3254 consiliis
1543 3198 1684 3252 suis.
1754 3197 1864 3252 Sed
1916 3198 2059 3251 haec
2106 3193 2257 3269 a‘pud
2305 3214 2361 3254 te
2412 3218 2647 3259 serves-

541 3296 853 3350 Caeterum
878 3295 1127 3348 salutant
1162 3302 1217 3344 te
1254 3307 1465 3344 omnes
1486 3288 1678 3342 nostri
1704 3326 1720 3353 ,
1756 3302 1810 3342 et
1837 3304 2003 3341 mens
2030 3289 2220 3342 Ketha
2260 3304 2315 3346 te
2340 3306 2394 3344 et
2430 3309 2646 3349 omnes

494 3435 500 3450 ,
539 3396 702 3440 tuos·
768 3383 836 3438 In
871 3382 1135 3438 Domino
1167 3379 1320 3434 bene
1368 3380 1517 3432 val'e.
1582 3379 1668 3435 29.
1702 3375 2068 3446 Decembr.,
2100 3395 2268 3434 ‘anno
2303 3373 2647 3438 MDXLII.

1869 3482 1949 3537 T.
1982 3482 2281 3541 Martinus
2322 3486 2569 3543 Luther.

2300 3686 2327 3702 ’Ἢ

637 3722 679 3770 t)
725 3717 916 3764 Auris.
945 3721 1094 3763 curet.

643 3943 685 3991 *J
723 3937 820 3985 ‘Det
845 3906 1058 3990 §utfiirt't
1083 3936 1406 3987 von‘wains?
