2848 4595
1186 302 1369 387 1542.
2210 297 2348 403 ⁴4¹2
2376 352 2387 403 3

220 407 335 499 G·
370 461 432 510 et
468 454 543 512 P.
614 454 888 530 Expecta
933 459 1301 532 Dominum,
1351 464 1602 521 viriliter
1647 479 1784 535 age,
1835 464 1917 519 mi
1960 460 2205 521 Antoni.
2234 514 2241 526 ,
2273 459 2335 514 Si

215 545 381 621 nulla
414 559 581 602 esset
615 551 895 616 tentatio,
951 569 1104 622 quae
1141 566 1461 610 exerceret
1506 544 1680 609 fldem
1729 554 2221 621 christianorum,
2268 559 2339 611 tu

215 636 449 719 cogita,
485 638 632 709 quid
661 640 927 695 futurum
961 651 1126 721 esset
1161 644 1233 698 de
1270 644 1609 702 christianis
1646 644 1947 710 securis,
1948 643 2194 709 otiosis»,
2229 658 2337 696 vo·
2365 648 2368 657 ’

215 712 575 795 luptuariis’
606 729 838 786 scilicet
873 732 1062 801 idem,
1097 736 1264 806 quod
1298 736 1372 791 de
1406 736 1639 808 Papatu
1674 736 1917 790 factum.
1985 734 2136 788 Cum
2160 732 2338 802 igitur

207 806 579 879 ‘tentationes
625 818 743 873 sint
759 820 1271 903 Rhabarbarum,
1321 808 1614 898 Myrrha,
1666 823 1855 880 Alces
1904 837 1962 877 et
2009 822 2339 877 antidotum

221 897 434 960 co'ntra
456 923 669 963 omnes
694 896 965 979 vermes,
1001 915 1264 991 saniem,
1298 917 1703 986 putredinem,
1736 926 1973 970 stercus
1995 912 2175 982 hujus
2203 926 2339 966 cor..

217 993 392 1064 poris
423 998 684 1066 peccati·
729 1002 1037 1071 sequitur,
1072 1021 1193 1057 non
1227 1020 1364 1059 esse
1401 1004 1899 1070 contemnendas,
1933 1002 2037 1058 sed
2072 1017 2186 1055 nec
2221 989 2367 1075 pro*
2396 1012 2402 1017 ·

218 1093 434 1140 nostro
484 1087 721 1143 arbitrio
751 1094 1136 1163 expetendas
1183 1095 1280 1148 vel
1333 1094 1671 1165 eligendas,
1723 1095 1842 1148 imo
1895 1090 2337 1162 suscipiendas,

221 1174 658 1248 cujuscunque'
674 1181 909 1247 generis
943 1183 994 1243 ¹)
1028 1183 1205 1238 Deus
1240 1182 1414 1238 nobis
1453 1183 1651 1239 inferri
1686 1184 1737 1247 2)
1782 1181 2074 1247 voluerit,
2127 1190 2191 1235 ut
2237 1181 2342 1257 qui

220 1265 414 1334 ³⁰¹³ts
445 1263 506 1333 ³)
552 1285 741 1339 quae,
777 1268 1017 1341 quales,
1054 1284 1304 1343 quantae
1339 1274 1513 1329 nobis
1548 1275 1668 1330 sint
1700 1272 2046 1328 utilissimae
2081 1282 2140 1326 et
2173 1286 2343 1347 com.
2388 1268 2395 1277 “

216 1355 626 1419 modissimae.
695 1359 900 1434 Quare
927 1375 986 1417 et
1008 1374 1072 1418 tu
1098 1366 1270 1420 fortis
1296 1376 1428 1421 esto
1453 1374 1511 1419 et
1536 1365 1763 1433 cogita,
1801 1365 1849 1417 si
1877 1362 2121 1417 omnino
2154 1361 2341 1423 (sicut

216 1461 434 1500 verum
482 1447 606 1511 est)
657 1449 931 1504 ferendae
978 1464 1118 1507 sunt
1166 1455 1549 1520 tentationes,
1603 1455 1863 1507 feramus
1908 1449 2054 1506 'istas
2108 1449 2345 1522 potiu3,'

220 1551 405 1605 quam
442 1537 681 1607 pejores
716 1549 775 1593 et
809 1541 1139 1610 graviores.
1207 1543 1344 1597 Sine
1396 1556 1456 1597 et
1490 1544 1688 1608 ferm,
1740 1540 2021 1614 quicquid
2060 1538 2340 1594 Centauri

223 1633 286 1679 et
336 1628 600 1698 papistae
646 1628 992 1684 moliuntur.
1035 1630 1201 1685 -Nec
1248 1645 1445 1686 tamen
1497 1632 1732 1686 omittas
1780 1647 1985 1700 agere,
2038 1628 2341 1698 scribere,

222 1716 570 1788 supplicare
603 1729 664 1772 et
697 1720 894 1791 omnia
929 1730 1150 1775 tentare
1186 1721 1342 1792 apud
1374 1721 1718 1793 Principem
1744 1733 1803 1775 et
1828 1721 2341 1790 ubicunqueopus

224 1817 341 1861 est.
412 1807 566 1880 Quis
601 1809 747 1877 scit,
784 1810 1020 1879 quando
1056 1809 1277 1866 bonam
1307 1808 1525 1866 horam
1560 1812 1738 1866 Deus
1774 1810 1974 1866 dabit?
2040 1808 2139 1863 Ne
2174 1810 2341 1878 time,

221 1913 303 1951 ne
347 1896 712 1954 inveniamur
754 1916 867 1955 nos
915 1900 1266 1970 defatigatos
1315 1903 1500 1957 fuisse
1534 1894 1594 1969 ⁴)
1642 1915 1698 1956 et
1743 1901 2002 1969 cessisse
2046 1899 2344 1966 Diabolo,

222 1987 563 2057 infatigabili
607 1984 808 2058 hosti}
857 1999 914 2045 et
961 2000 1104 2045 tunc
1134 2006 1276 2046 sero
1311 1990 1499 2046 nostri
1533 2006 1646 2045 nos
1681 1991 1980 2063 poeniteat
2014 1999 2075 2043 et
2106 1998 2345 2043 nostrae

220 2077 489 2131 mollitiei
527 2080 741 2149 pigeat.
804 2078 887 2135 Ita
910 2079 984 2134 de
1007 2093 1102 2135 tua
1127 2089 1316 2135 matre
1347 2080 1496 2136 nihil
1527 2092 1586 2135 te
1609 2095 1903 2146 maceres,
1936 2094 2087 2149 quae
2112 2078 2170 2132 in
2194 2078 2350 2135 stul-

224 2184 344 2238 pen
375 2162 492 2224 'sub
526 2168 754 2240 Papatu
792 2186 933 2225 cum
968 2171 1246 2225 scandalo
1279 2170 1587 2243 Evangelii
1624 2170 1826 2224 vivere
1862 2170 2117 2235 mavult,
2165 2183 2348 2241 quam

213 2256 463 2314 Pirnae.
498 2250 564 2327 ⁵)
630 2258 756 2315 Ora
789 2276 900 2334 pro
935 2277 1003 2317 ea
1041 2260 1473 2330 indesinenter,
1509 2272 1568 2317 et
1602 2260 1961 2317 satisfecisti.
2027 2258 2204 2337 Certe
2237 2248 2349 2313 bo'.

225 2366 372 2405 num
403 2366 527 2405 non
563 2360 753 2420 esset,
802 2352 850 2406 si
896 2353 1093 2407 omnia
1139 2367 1289 2407 mox
1338 2352 1505 2408 etin
1552 2353 1845 2422 praesenti
1897 2349 2140 2418 fierent,
2192 2363 2363 2421 quae·

225 2441 504 2512 cupimus
539 2452 638 2495 aut
672 2441 950 2512 petimus.
1018 2443 1194 2497 Deus
1242 2442 1456 2497 melius
1504 2442 1794 2514 prospicit
1836 2440 2048 2509 nobis,
2099 2440 2349 2507 videns,

226 2547 409 2605 quam
440 2531 621 2587 stulta
655 2543 827 2598 sunt,
858 2548 1010 2604 quae
1046 2532 1107 2586 in
1140 2533 1437 2602 praesenti
1471 2523 1526 2596 ⁶)
1561 2533 1857 2604 petimus*

303 2623 313 2659 ²
358 2636 461 2693 De
491 2636 700 2698 Turca
732 2637 879 2692 nihil
914 2653 1207 2694 novarum
1239 2636 1568 2706 habemus,
1601 2655 1716 2693 nec
1753 2639 1825 2692 de
1860 2645 2208 2703 nostrorum
2243 2650 2351 2694 ex.
2384 2702 2389 2708 ,

223 2724 552 2802 peditione.
617 2727 687 2782 In
717 2727 971 2800 Belgico
1008 2727 1230 2784 Caesar
1261 2726 1507 2800 publico
1543 2726 1744 2782 edicto
1790 2727 1981 2782 vetuit
2026 2713 2253 2786 saevire
2286 2725 2348 2781 in
2384 2721 2399 2752 ’-

224 2816 630 2874 Lutheranos.
693 2816 761 2872 In
787 2817 982 2880 Gallia
1011 2833 1148 2872 cum
1184 2817 1422 2875 biennio
1459 2832 1577 2888 pax
1610 2816 1856 2882 fuisset,
1892 2815 2169 2887 paulatim
2206 2817 2349 2870 irre.
2384 2821 2391 2826 ’

227 2916 426 2978 pserat
463 2907 838 2977 Evangelion
883 2921 994 2979 per
1035 2906 1225 2962 libros
1271 2908 1567 2963 invectos.
1637 2906 1708 2961 Id
1760 2911 1897 2961 c'um
1947 2907 2351 2961 resciscerent

224 2996 547 3064 maniachi,
597 2989 946 3068 sophistae,
987 2994 1464 3065 Parlamentum,
1509 2997 1588 3053 ita
1632 2998 1831 3086 furere
1872 3004 2237 3066 coeperunt,
2284 3002 2353 3052 ut

221 3089 294 3144 ⁵0
327 3085 699 3160 exusserint,
730 3078 790 3155 ⁷)
826 3085 935 3142 sed
969 3102 1112 3143 cum
1147 3096 1304 3140 tanta
1339 3063 1739 3155 indignatione
1773 3084 2122 3152 hominum,
2174 3094 2242 3139 ut
2272 3099 2351 3139 ne

223 3176 514 3233 tumultus
549 3186 609 3231 et
643 3177 855 3234 seditio
889 3174 1057 3232 lieret
1084 3175 1364 3245 Parisiis,
1397 3176 1540 3233 Rex
1575 3178 1653 3232 sit
1687 3190 1933 3232 coactus
1970 3174 2350 3245 interponere
2384 3173 2389 3180 '

220 3281 469 3324 manum
502 3274 563 3321 et
595 3266 902 3322 saevitiam
937 3282 1355 3339 compescere.
1421 3265 1766 3338 Episcopus
1798 3265 2172 3320 Coloniensis
2205 3264 2353 3342 ineis

221 3355 316 3428 pit
362 3356 560 3412 facere
608 3358 999 3413 mutationem
1043 3356 1336 3416 abusuutn
1385 3356 1446 3411 in
1488 3370 1596 3410 sua
1631 3353 1919 3416 dioecesi.
1986 3354 2349 3410 Benedictus

219 3445 443 3513 Deus,
492 3447 594 3520 qui
632 3445 1002 3531 Evangelion
1037 3462 1213 3502 suum
1249 3445 1570 3516 glorificat,
1618 3443 1685 3500 ut
1732 3446 1783 3500 si
1819 3445 2005 3500 nostri
2042 3456 2349 3499 conterra.
2384 3436 2390 3442 ’

225 3538 328 3613 nei
359 3530 423 3607 8)
469 3521 934 3607 Bethsaiditae,
961 3537 1355 3606 Corazinitae,
1405 3534 1843 3642 Nasarethitae
1875 3551 1996 3590 non
2038 3535 2399 3630 acceptant„

1133 3678 1287 3693 -

323 3766 367 3817 1)
394 3766 441 3815 8.
456 3762 537 3812 w.
565 3774 886 3821 quascunque.
967 3763 1012 3815 2)
1040 3763 1084 3812 ἓ.
1099 3761 1179 3811 w.
1210 3761 1407 3808 inferre.
1497 3763 1543 3816 3)
1573 3761 1691 3807 cod.
1711 3761 1843 3808 Goth
1886 3760 2059 3808 sciant.
2077 3777 2090 3803 s
2134 3764 2181 3815 4)
2208 3763 2255 3814 2
2268 3763 2349 3814 w

223 3838 279 3888 C.
302 3839 357 3885 G.
400 3848 494 3884 nec
518 3836 598 3882 hic
625 3836 931 3883 Inveniamur
956 3847 1046 3881 nos
1073 3835 1308 3892 fatigatos
1335 3846 1460 3882 esse.
1527 3834 1652 3886 &di
1690 3847 1751 3884 ne
1787 3839 1899 3883 tunc
1928 3836 2231 3885 inveniamur
2256 3826 2348 3883 nos

213 3909 458 3980 ,fatigatos
485 3921 610 3956 esse.
679 3913 752 3960 5)
779 3910 902 3959 ΕΦ
919 3921 1110 3967 -quae
1131 3910 1178 3955 in
1197 3907 1395 3965 stuipen
1415 3911 1510 3955 etc.
1608 3911 1652 3960 6)
1680 3912 1728 3957 ε.
1745 3909 1826 3958 {B-
1852 3910 1975 3960 &th-
2003 3911 2057 3957 c,
2071 3913 2127 3959 e
2156 3911 2187 3968 f
2215 3922 2343 3957 22⁸3,

222 3986 271 4047 ,7)
293 3969 452 4035 εἰῇ·
477 3983 532 4042 Ga
548 3984 603 4030 ὓ·
625 3975 911 4030 exurerent.
1002 3985 1048 4034 ὃ)
1074 3984 1121 4030 8.
1138 3983 1219 4029 m.
1247 3978 1400 4028 vestri
1428 3981 1745 4030 consecrandi
1770 3982 1849 4035 (⁹).
