2848 4595
1154 276 1338 348 15⁴1.
1456 320 1469 326 -
1962 289 1967 296 ·
2179 267 2302 338 347

253 433 338 493 2⁵·
367 431 626 527 {tntu-3
1123 429 1150 458 ·
1454 426 2235 492 N0.Mncc001.xxx1.

864 589 962 659 θυι
1007 586 1289 673 Sustine
1332 588 1619 673 ῧοηαῦ.

303 745 352 794 2.
380 742 482 799 σεῦε
509 743 605 798 sein
631 742 899 798 &atamen
925 745 1037 794 fiber
1063 748 1134 795 bie
1159 746 1481 801 metuentius
1508 745 1583 793 bct
1609 742 1923 797 ‘libentinam
1949 742 2000 789 in
2026 739 2174 800 barte.

155 976 339 1046 ‘zucra
355 975 444 1023 aui
462 976 564 1024 tem
580 978 801 1030 original
830 980 910 1026 ben
929 978 1153 1037 &diiisse
1182 981 1216 1026 1.
1238 983 1326 1030 141.
1379 981 1492 1030 ‘2²3st
1517 943 1661 1034 [iuben
1688 947 2021 1024 Aurifaber
2046 973 2127 1019 111.
2154 972 2301 1020 1:332.

793 1056 887 1099 unb
916 1053 1035 1099 Cod.
1064 1054 1209 1100 Goth.
1239 1056 1328 1102 137.
1354 1057 1396 1104 ά.
1424 1054 1695 1108 vergnam.

177 1178 563 1236 Clarissimo
602 1153 812 1253 Viro,
850 1182 938 1238 D.
973 1186 1163 1239 ,lusto
1196 1188 1438 1256 Jonae,
1492 1183 1769 1240 Doctori
1815 1178 2200 1265 Theoloqiae
2241 1183 2302 1231 et

309 1269 554 1327 Christi
597 1274 668 1327 in
713 1269 907 1329 Halia·
953 1271 1210 1349 Leqato
1259 1276 1686 1344 fidelissimo,
1738 1289 1853 1329 suo
1901 1273 1970 1327 in
2014 1269 2299 1326 Domino

307 1363 569 1439 mcy'ori.
607 1367 663 1431 ¹)

174 1479 493 1581 Gratiam
508 1538 567 1582 et
601 1544 812 1599 pacem
848 1527 903 1585 in
942 1530 1235 1587 Domino.
1305 1528 1489 1604 Quod
1525 1529 1714 1602 petis,
1757 1526 1838 1581 mi
1872 1526 2071 1593 Jona,
2104 1522 2304 1578 consi-

168 1616 324 1670 lium
371 1615 426 1671 in
487 1622 917 1678 communione
953 1620 1312 1677 sacramenti
1356 1619 1749 1685 restituenda,
1799 1626 1862 1672 tu
1911 1616 2038 1686 ipse
2088 1614 2302 1668 melius

169 1707 384 1775 dares,
436 1710 539 1779 qui
588 1725 793 1765 coram
841 1712 1046 1783 populi
1097 1723 1156 1766 ct
1189 1712 1505 1766 Ecclesiae
1539 1710 1602 1774 2)
1654 1723 1856 1763 mores
1905 1708 2092 1761 vides.
2160 1703 2294 1773 Ego

169 1798 260 1852 sic
299 1801 528 1869 semin,
577 1817 701 1855 non
737 1818 875 1856 esse
913 1803 1096 1872 satis,
1131 1801 1370 1874 plebem
1406 1801 1595 1873 probe
1631 1802 1971 1856 instructam
2008 1799 2078 1851 ad
2114 1797 2306 1867 perci-

170 1889 450 1959 piendam
490 1893 1015 1958 communionem,
1047 1894 1152 1949 sed
1188 1908 1471 1966 oportere
1502 1888 1563 1955 3)
1611 1891 1786 1946 etiam
1821 1890 2131 1943 animatam
2166 1902 2304 1941 esse

173 1992 388 2034 contra
425 1983 679 2037 futuram
713 1982 1178 2056 prohibitionem
1214 1984 1478 2056 tyranni,
1500 1976 1561 2050 ⁴)
1600 2000 1674 2037 ne
1709 1993 1851 2037 tunc
1884 1979 2138 2051 turpiter
2173 1977 2304 2032 red-

174 2081 313 2126 eant
359 2073 431 2127 ad
466 2074 800 2142 vomitum,
851 2085 908 2128 et
941 2074 1082 2130 fiant
1116 2075 1441 2130 novissima
1477 2074 1684 2146 pejora
1732 2070 2047 2143 prioribus.
2118 2066 2303 2142 Quod

171 2162 222 2216 si
259 2164 610 2235 exploratos
645 2164 860 2234 habes,
899 2181 1007 2220 eos
1045 2167 1177 2220 sore
1214 2165 1421 2224 firmos
1460 2166 1517 2219 in
1555 2164 1976 2230 confessione,
2015 2177 2157 2215 cum
2193 2160 2303 2214 inis

171 2254 232 2309 in
272 2256 514 2310 nomine
549 2255 798 2314 Domini
834 2271 1044 2328 pergas
1081 2272 1259 2329 quam
1295 2259 1551 2328 primum
1591 2255 1914 2329 perficere,
1965 2253 2126 2326 quod
2165 2268 2306 2308 coe..

167 2345 329 2424 pisti.
419 2345 639 2417 Neque
692 2346 851 2400 enim
906 2347 1357 2402 Sacramentum
1408 2357 1501 2403 est
1543 2346 1835 2419 Episcopi
1882 2362 1981 2401 res
2033 2344 2302 2417 propria,

166 2452 372 2507 neque
407 2435 695 2501 Senatus,
746 2437 854 2492 sed
890 2438 1072 2508 ipsius
1109 2436 1455 2506 Ecclesiae,
1501 2454 1654 2509 quae
1692 2437 1829 2492 illud
1865 2437 2157 2507 postulat,
2207 2435 2305 2489 cui

163 2543 297 2604 non
345 2526 487 2581 licet
537 2526 773 2597 negari,
828 2528 992 2599 quod
1047 2527 1316 2582 Christus
1369 2540 1508 2600 pro·
1537 2544 1606 2592 ea
1656 2529 1941 2596 instituit,
1995 2539 2173 2599 atque
2222 2526 2303 2580 illi

164 2617 350 2674 dedit.
420 2618 575 2671 Cum
611 2618 785 2687 igitur
809 2619 889 2674 sis
929 2619 985 2673 in
1011 2619 1268 2688 legitima
1295 2614 1615 2675 vocatione
1648 2618 1815 2673 verbi
1840 2634 1947 2689 per
1968 2616 2307 2677 Ecclesiam

164 2708 395 2765 ibidem
445 2708 714 2780 positus,
763 2709 863 2779 qui
902 2708 1153 2763 verbum
1203 2710 1312 2764 illis
1348 2709 1682 2775 ministras,
1730 2719 1790 2762 et
1835 2700 2167 2762 ministrare
2201 2723 2306 2761 co-

162 2798 357 2869 geris,
393 2798 586 2855 multo
623 2800 811 2869 magis
847 2798 1326 2867 Sacramentum,
1361 2800 1710 2871 praesertim
1746 2799 1816 2854 iis
1838 2837 1856 2865 ,
1894 2798 1993 2868 qui
2028 2796 2302 2851 volentes

161 2890 498 2959 accedent,
534 2891 870 2947 ministrare
898 2890 1129 2961 cogeris
1149 2931 1168 2959 ,
1205 2900 1381 2962 atque
1418 2890 1490 2943 ita
1516 2889 1714 2944 medio
1743 2900 1901 2943 tutus
1935 2888 2045 2943 ibis
2073 2888 2304 2953 dicenS,

159 2991 225 3046 te
285 2998 408 3037 non
460 2980 769 3035 instituere
828 2997 938 3052 pro
989 2991 1111 3035 tota
1169 2982 1398 3036 civitate
1458 2980 1719 3036 Hallensi
1777 2980 2299 3046 communionem,

162 3091 237 3137 ac
276 3063 336 3139 ⁵)
385 3088 641 3142 cogere,
676 3083 742 3126 ut
777 3071 1071 3143 accipiant
1105 3088 1353 3138 omnes,
1402 3073 1509 3126 sed
1547 3070 1883 3129 debitorem
1920 3086 2053 3125 esse
2088 3080 2143 3124 te
2175 3068 2300 3126 hoc

161 3154 444 3232 tempore
475 3155 532 3226 ⁶)
586 3161 716 3219 istis
769 3161 1087 3233 personis,
1137 3177 1290 3231 quae
1322 3153 1383 3224 7)
1436 3171 1674 3232 petunt:
1727 3171 1999 3216 caeteros
2052 3170 2109 3214 te
2151 3158 2302 3213 nihil

163 3268 422 3320 curare,
466 3252 516 3306 si
552 3252 777 3317 nolint,
825 3260 920 3304 aut
955 3250 1107 3304 aliud
1144 3250 1361 3310 velint.
1409 3262 1464 3304 te
1500 3268 1611 3324 pro
1658 3263 1972 3322 tempore,
2014 3250 2191 3319 locu,
2245 3260 2307 3306 et

160 3343 447 3421 personis
503 3353 609 3398 tuo
667 3340 861 3396 officio
916 3330 1212 3394 ‘functum-
1300 3340 1357 3396 Si
1410 3351 1615 3412 postea
1650 3335 1715 3407 3)
1767 3342 1914 3397 alius
1964 3352 2190 3406 mutet,
2242 3352 2303 3396 et

164 3434 326 3489 aliud
383 3433 595 3502 saciat,
655 3447 769 3486 suo
828 3429 1102 3502 periculo
1161 3428 1353 3483 faciat.
1389 3422 1443 3493 ⁹)
1532 3431 1695 3499 Urge
1752 3442 1980 3486 tantum
2034 3431 2301 3500 fortiter,

170 3523 428 3579 verbum
470 3532 530 3577 et
565 3522 789 3575 donum
823 3518 944 3574 Dei
982 3534 1117 3574 esse
1154 3517 1405 3573 liberum
1428 3559 1446 3586 ,
1492 3532 1550 3574 et
1584 3536 1705 3575 non
1741 3520 2069 3590 alligatum,
2104 3537 2302 3594 neque
2340 3514 2357 3523 ‘

163 3613 396 3687 Papam
428 3629 650 3690 ,neque
701 3613 1021 3667 Caesarem
1072 3626 1267 3681 neque
1323 3608 1503 3664 ullam
1553 3622 1885 3666 creaturam
1935 3610 2158 3666 habere
2198 3613 2303 3685 jus

266 3840 310 3891 1)
336 3838 460 3888 καθ’
480 3838 533 3884 c.
548 3840 602 3884 G.
647 3837 770 3888 Εώ.
799 3836 881 3889 liat
899 3836 1015 3885 wiese
1034 3834 1335 3887 intendit-{ft
1352 3833 1490 3884 nidn.
1569 3835 1613 3888 2)
1644 3834 1694 3879 c.
1712 3837 1768 3881 G.
1788 3837 1818 3888 †
1837 3835 2024 3882 faciem.
2100 3838 2147 3885 3)
2179 3836 2299 3897 QG.

165 3916 388 3971 oportet.
462 3914 509 3965 4)
531 3912 582 3957 C.
599 3913 655 3959 G.
677 3916 777 3969 tyr.
797 3909 939 3968 proh.
1015 3912 1058 3960 5)
1081 3909 1132 3955 C.
1148 3913 1201 3955 ti.
1224 3913 1324 3960 aut.
1400 3911 1449 3965 6)
1466 3908 1585 3956 C.G.
1605 3911 1655 3955 te
1673 3907 1717 3956 h.
1742 3912 1777 3955 t.
1797 3921 1920 3956 esse.
1994 3910 2040 3965 7)
2062 3909 2180 3959 c.G.
2204 3909 2296 3968 qul.

160 3985 571 4047 mca†ww
671 3981 1152 4061 machmam
