2848 4595
378 254 383 259 ’
458 236 584 306 342
1431 236 1611 306 1541.

457 397 647 452 adest.
684 398 739 463 1)
809 398 1041 471 Agant,
1091 400 1376 471 quicquid
1416 392 1671 472 possunt
1704 395 1986 464 Henrici,
2032 393 2364 468 Episcopi,
2413 396 2616 463 'atque

454 489 608 543 adeo
645 489 891 557 Turca,
944 500 1004 544 et
1040 491 1168 560 ipse
1203 491 1394 546 Satan.
1464 490 1606 546 Nos
1643 489 1807 559 regni
1845 487 1943 542 filii
1979 501 2230 554 sumus,
2285 483 2388 556 qui
2425 483 2616 537 illum

456 590 825 649 consputum
859 578 915 645 2)
970 590 1030 633 et
1077 580 1349 634 occisum
1391 579 1589 634 denuo
1639 579 1712 655 ab
1762 578 1889 632 istis
1924 576 2199 634 Henricis
2232 575 2617 630 salvatorem

453 669 712 733 colimus
751 681 809 723 et
846 680 1287 741 exspectamus,
1319 667 1381 739 ³)

586 783 797 852 Relegi
844 784 1063 839 librum
1109 800 1313 840 meum
1357 794 1562 840 contra
1599 785 1775 840 istum
1813 781 2146 839 Diabolum
2180 757 2607 846 Mezentium,

451 881 512 927 et
545 864 605 939 ⁴)
641 874 863 942 miror,
918 875 1060 946 quid
1113 875 1260 929 mihi
1312 875 1640 943 acciderit,
1690 887 1755 928 ut
1805 887 1923 928 tam
1972 873 2314 927 moderatus
2351 869 2605 924 fuerim.

448 963 704 1035 Deputo
743 965 805 1020 id
829 966 1148 1021 valetudini
1185 966 1394 1036 capitis
1417 1008 1435 1034 ,
1465 982 1613 1038 quae
1637 982 1762 1021 non
1786 972 1878 1020 est
1901 979 2074 1037 passa
2101 963 2362 1017 animum
2383 975 2605 1015 meum

445 1055 748 1108 erectiore
786 1064 843 1109 et
878 1056 1197 1119 valentiore
1233 1055 1463 1139 impetu
1496 1049 1558 1123 ⁵)
1608 1066 1865 1128 raptum.
1932 1054 2049 1109 Sed
2085 1039 2343 1122 redeat,'
2373 1051 2424 1107 si
2457 1049 2605 1105 Do..

445 1145 647 1199 minus
676 1146 858 1200 volet.
928 1146 1252 1201 Tractasse
1285 1157 1484 1201 tamen
1506 1139 1559 1213 ⁶)
1584 1163 1682 1202 me
1709 1162 1837 1201 rem
1862 1136 1925 1214 ⁷)
1959 1144 2388 1217 aliquantulum
2417 1141 2607 1211 juvat

447 1235 525 1289 de
552 1234 859 1290 Ecclesia.
915 1230 1209 1292 valetudo
1232 1253 1364 1291 mea
1388 1237 1678 1309 profecit.
1748 1234 1952 1312 Quem
1986 1245 2050 1290 tu
2076 1231 2447 1306 prophetasti
2483 1231 2601 1284 flu.

446 1340 601 1381 xum
636 1340 772 1381 esse
808 1325 1233 1397 capitis,.vere
1266 1326 1574 1395 intellexi,
1620 1326 1761 1398 quid
1795 1328 1995 1381 fluxus
2035 1325 2262 1397 capitis.
2295 1316 2359 1388 ⁸)
2427 1321 2600 1378 Nam

444 1426 680 1471 tantum
715 1416 1099 1488 phlegmatis,
1136 1409 1188 1482 9)
1241 1416 1566 1476 rheumatis
1601 1419 1678 1481 ¹⁰)
1727 1427 1785 1472 et
1835 1417 2072 1490 pituitae
2123 1431 2233 1487 per
2270 1414 2493 1468 collum
2533 1423 2599 1467 et

444 1523 624 1561 nares
662 1492 1005 1576 descendit,
1060 1518 1127 1563 ut
1177 1507 1364 1563 mirer
1408 1508 1840 1577 vehementer,
1896 1506 2206 1579 quomodo
2247 1515 2425 1576 caput
2460 1504 2602 1573 jam

444 1598 627 1654 senio
679 1608 738 1652 et
785 1593 989 1653 labore
1028 1587 1292 1655 fractum
1343 1599 1460 1654 ista*
1495 1610 1765 1655 monstra
1803 1599 1955 1679 apud
1991 1598 2248 1653 seimus
2287 1598 2444 1651 ferre
2480 1614 2596 1667 po.

443 1687 656 1754 tuerit,
683 1700 738 1743 et
760 1706 882 1743 non
908 1690 1106 1760 potius
1133 1687 1376 1757 singulis
1402 1688 1570 1743 horis
1598 1689 1911 1762 apoplexia
1929 1727 1946 1755 ,
1981 1688 2245 1757 vertigo,
2281 1688 2589 1759 epilepsia,

443 1787 508 1843 qt
544 1778 595 1833 si
631 1795 746 1848 qua
770 1778 842 1845 ¹¹)
880 1779 1127 1847 similia,
1163 1796 1262 1834 me
1299 1779 1499 1834 subito
1529 1779 1978 1849 prostraverint.
2044 1778 2328 1850 Denique
2354 1777 2427 1845 ¹2)
2465 1776 2594 1830 col-

443 1868 630 1923 lectis
666 1868 894 1924 viribus
920 1870 978 1923 in
1004 1886 1113 1939 pus
1138 1869 1299 1935 yersi
1324 1870 1524 1924 fluxus
1562 1870 1620 1923 in
1646 1885 1849 1924 aurem
1876 1869 2103 1923 laevam
2129 1869 2219 1922 die
2247 1868 2592 1923 Palmarum

443 1964 659 2030 c'aput,
710 1959 832 2013 imo
872 1960 1052 2013 vitam
1088 1976 1280 2014 meam
1320 1960 1396 2013 ita
1435 1960 1806 2028 invaserunt,
1843 1955 1923 2026 ¹³)
1970 1969 2034 2035 ut
2078 1974 2218 2031 prae
2254 1958 2464 2013 dolore
2503 1958 2593 2012 in-

440 2050 739 2104 tolerabili
765 2049 992 2111 obortis
1018 2042 1099 2117 ¹⁴)
1134 2049 1392 2121 lacrimis
1429 2048 1626 2122 (quod
1662 2067 1784 2104 non
1811 2049 1982 2104 facile
2009 2049 2219 2115 soleo,
2254 2048 2363 2104 etsi
2389 2049 2587 2104 minus

398 2203 403 2207 ,
447 2140 750 2208 fluebant,
794 2156 971 2211 quam
1008 2138 1260 2205 vellem)
1286 2141 1582 2195 dicerem
1618 2140 1924 2196 Domino:
1975 2142 2096 2195 Aut
2133 2140 2239 2195 ista
2275 2140 2584 2209 desinant,

444 2240 549 2286 aut
583 2247 697 2300 ego
736 2231 1021 2286 desinam.
1068 2230 1306 2304 ·Neque
1361 2232 1519 2285 enim
1571 2243 1696 2285 erat
1730 2218 1910 2285 biduo
1947 2232 2187 2285 ferenda
2225 2230 2332 2285 ista
2368 2231 2587 2287 acutis.

443 2323 598 2378 sima
628 2339 825 2405 pugna
860 2336 1135 2390 naturae,
1181 2321 1289 2376 sed
1324 2322 1592 2393 sequenti
1628 2321 1723 2376 die
1759 2322 1961 2379 soluto
1997 2322 2219 2378 ulcello
2255 2323 2413 2377 auris
2445 2340 2589 2395 pro.

457 2412 547 2467 dit
596 2429 738 2468 sane
772 2403 854 2478 ¹⁵)
913 2413 1117 2481 foeda,
1171 2412 1357 2467 lurida
1404 2421 1465 2467 et
1511 2423 1759 2467 cruenta
1808 2412 2040 2497 sanies':
2102 2430 2310 2486 neque
2351 2412 2426 2468 ab
2469 2413 2587 2469 hac

443 2502 599 2559 hora
635 2515 835 2559 cessat
867 2504 1074 2560 fluere.
1140 2502 1388 2559 Interim
1423 2504 1482 2558 in
1519 2503 1711 2574 capite
1756 2513 1896 2559 sunt
1928 2504 2186 2558 marium
2222 2507 2491 2560 omnium
2529 2515 2591 2561 ct

446 2594 733 2650 arborum
768 2594 969 2663 venti,
1003 2605 1069 2649 ut
1102 2593 1250 2649 nihil
1288 2594 1559 2663 audiam,
1594 2594 1707 2649 nisi
1741 2594 1876 2666 quis
1905 2611 2003 2649 me
2031 2596 2269 2651 fortiter
2293 2597 2586 2653 inclamet.

442 2683 681 2743 Medici
720 2685 875 2740 bene⁴
908 2692 967 2740 et
1000 2686 1150 2739 laete
1186 2685 1575 2756 promittunt,
1629 2700 1763 2740 esse
1798 2687 2216 2758 purgationem
2243 2686 2585 2745 salubrem:

446 2775 512 2831 id
568 2785 888 2846 exspecto.
953 2774 1256 2831 Dominus
1310 2775 1480 2830 faciat
1501 2815 1519 2842 ,
1574 2776 1735 2847 qnod
1787 2775 2017 2831 bonum
2071 2788 2184 2832 est.
2253 2776 2389 2833 Hoc
2445 2794 2586 2834 sane

446 2867 689 2921 lucrum
725 2877 850 2935 est,
900 2866 1063 2936 quod
1114 2866 1298 2920 tutius
1354 2865 1488 2934 lego
1540 2876 1598 2920 et
1643 2865 1882 2932 scribo,
1936 2867 2259 2931 contemtis
2298 2867 2588 2926 molestiis

447 2957 797 3028 vertiginis,
831 2956 1059 3012 etiamsi
1095 2957 1361 3013 nondum
1398 2971 1620 3011 somno
1657 2956 1771 3010 frui
1807 2957 1988 3024 licet,
2022 2974 2144 3030 quo
2180 2960 2374 3015 soleo.
2443 2957 2589 3015 Non

446 3046 605 3103 haec
639 3047 885 3115 scribo,
937 3045 1017 3101 ut'
1049 3055 1110 3100 tu
1160 3044 1310 3101 mihi
1363 3046 1561 3100 omnia
1612 3062 1692 3101 ex
1726 3047 1850 3101 hoc
1887 3046 2102 3117 facias,
2155 3049 2263 3104 sed
2300 3061 2366 3106 ut
2398 3049 2587 3119 scias,

448 3135 793 3194 Dominum
827 3152 963 3192 esse
1001 3136 1060 3190 in
1094 3145 1288 3191 morte
1323 3135 1528 3191 vitam.
1600 3137 1875 3195 Orationi
1909 3136 2231 3196 Ecclesiae
2256 3140 2418 3201 hanc
2456 3159 2590 3213 pur-

346 3269 352 3274 .
450 3227 753 3297 gationem
802 3227 1071 3299 imputo,
1120 3225 1338 3296 alioqui
1385 3223 1778 3297 impossibile
1805 3227 1983 3284 fuerit
2022 3229 2193 3284 istam
2231 3232 2585 3287 camerinam

455 3319 665 3389 capitis
702 3317 817 3381 mei
852 3326 970 3372 tam
1005 3316 1106 3372 diu
1140 3315 1315 3373 ferre.
1385 3316 1587 3372 Valete
1626 3328 1683 3371 et
1717 3329 1882 3374 orate
1916 3310 1989 3384 ¹⁶)
2030 3337 2142 3391 pro
2176 3321 2389 3390 nobis,
2440 3322 2592 3404 sicut

556 3568 599 3617 1)
638 3565 763 3613 (3.6.
804 3570 862 3612 A.
900 3569 991 3616 est.
1090 3568 1143 3620 2)Ἴ
1174 3566 1298 3618 δώ.
1336 3568 1626 3614 consultum.
1728 3570 1780 3620 3)Ὶ
1808 3570 2004 3619 &omit
2038 3570 2089 3615 Β.
2188 3573 2234 3622 a)
2272 3571 2404 3618 co.
2436 3594 2486 3604 -
2523 3554 2588 3621 et.

454 3641 499 3690 5)
540 3638 590 3685 c.
612 3640 668 3689 G.
707 3639 1001 3687 erectiorem
1030 3643 1081 3686 et
1106 3640 1433 3687 valentiorem
1461 3642 1508 3686 in
1538 3652 1706 3698 opere.
1807 3646 1851 3694 6)
1888 3643 1937 3688 C.
1955 3645 2009 3689 G.
2038 3668 2089 3678 -
2112 3647 2292 3695 tamen.
2391 3647 2434 3697 7)
2463 3646 2518 3692 c.
2534 3649 2585 3692 G.

456 3723 566 3759 eam
604 3722 706 3758 rem
741 3724 838 3763 me.
961 3716 1006 3764 8)
1045 3713 1095 3757 C.
1115 3714 1169 3761 G.
1209 3713 1360 3773 Quem
1385 3739 1437 3748 -
1460 3737 1510 3752 --
1533 3714 1737 3772 capitis.
1773 3727 1941 3762 verum
1971 3728 2070 3764 non
2100 3717 2353 3775 intellexi,
2391 3718 2502 3775 quid
2528 3719 2590 3766 sit

457 3787 507 3834 ss.
534 3797 641 3842 cap.
740 3788 783 3837 9)
813 3786 933 3832 QG.
952 3785 1326 3843 -phlegmatim
1356 3832 1362 3837 ,
1427 3790 1497 3836 10)
1524 3792 1586 3834 A.
1610 3788 1750 3833 muci.
1855 3791 1919 3841 u)
1949 3791 1998 3834 C.
2016 3791 2068 3835 G.
2093 3795 2123 3841 τ
2145 3795 2271 3839 sunt.
2373 3793 2441 3846 12)
2468 3789 2586 3842 QG.

458 3864 495 3918 ἰτ
521 3874 662 3908 nunc.
763 3863 831 3913 13>
872 3861 992 3908 (3.6.
1030 3860 1329 3911 invaserant.
1430 3865 1501 3911 14)
1542 3863 1662 3909 0.(5.
1704 3864 1915 3919 ingemo.
1967 3866 2259 3924 A.·maguis.
2358 3870 2426 3923 ¹5)
2465 3869 2585 3917 αὖ.

461 3939 620 3987 strues
648 3939 743 3984 unu
766 3959 818 3976 -
842 3935 1018 3986 sanies.
1120 3936 1190 3989 16)
1219 3935 1270 3982 c.
1290 3937 1343 3984 G.
1373 3935 1500 3985 vale
1526 3940 1576 3983 et
1603 3948 1704 3987 ora.
