2848 4595
430 281 437 290 ⁵
496 226 500 230 ⁴
560 265 683 334 462
1530 244 1709 334 1522.

557 428 865 500 nempe-¹)
901 427 1052 482 Dux
1074 427 1136 489 2)
1160 425 1411 493 ‘Mol-iz,
1446 428 1588 482 licet
1619 426 1857 490 furens,
1894 420 2225 494 proposuit.
2276 420 2455 477 ·Tota
2489 435 2678 492 quae-

560 519 679 572 stio
715 518 929 573 dicitur
963 535 1100 573 esse
1136 518 1433 571 delibero
1470 518 1711 571 transitu
1747 513 2028 567 Morizen
2072 526 2178 582 per
2206 510 2496 565 Wurzen.
2531 580 2534 583 Ι
2565 510 2677 565 Illa

557 607 703 661 nihil
737 608 807 661 ad
843 625 954 664 nos
991 625 1098 665 seu
1139 609 1211 661 ad
1244 609 1665 663 ministerium:
1720 602 1934 676 aliociui
1978 604 2026 656 si
2061 619 2174 657 nos
2212 602 2458 656 occasio
2494 600 2680 654 debe.

558 713 761 752 remus
797 699 910 752 dici
946 698 1211 753 omnium
1248 698 1569 765 malorum,
1617 714 1765 768 quae
1802 708 2010 749 contra
2051 706 2165 753 nos
2196 690 2262 757 ³)
2295 700 2458 761 gesta
2498 701 2675 758 sunt,

560 799 881 858 quantum,
932 803 1191 861 quaeso,
1242 788 1535 857 sanguinis
1585 784 2033 852 effudissemus,
2086 791 2177 837 tot
2222 782 2483 849 occisis,
2532 780 2680 836 sub-

557 876 812 942 mersiS,
863 879 1097 951 exustis)
1125 871 1186 945 4)
1230 872 1683 932 confessoribus
1724 876 1963 931 nostrae
1998 874 2327 929 doctrinae.
2398 872 2677 927 Christus

492 1032 497 1037 .
558 980 773 1036 nempe
806 960 866 1033 ⁵)
915 968 1168 1053 viderit&
1208 970 1309 1040 qui
1353 986 1464 1023 suo
1500 968 1686 1021 verbo
1724 967 1965 1023 occasio
2012 977 2104 1018 est
2152 962 2291 1017 tanti
2339 963 2474 1015 mali
2523 971 2585 1013 et
2612 952 2674 1024 6)

563 1055 681 1108 odii
714 1055 777 1109 in
812 1057 1233 1125 daemonibus,
1270 1059 1331 1113 in
1358 1058 1686 1126 Munzem,
1728 1055 2088 1123 Carlstadi0‚
2125 1052 2413 1121 Zwinglio
2451 1061 2511 1104 et
2535 1066 2677 1119 rege

554 1143 1031 1203 ‘Monastcriensi
1051 1168 1069 1214 ·,
1105 1166 1212 1220 per
1246 1165 1401 1220 quos
1441 1150 1615 1202 multa
1652 1149 1801 1202 mala
1831 1148 2010 1213 fecit,
2047 1157 2107 1199 et
2145 1144 2400 1198 multum
2442 1141 2682 1209 sangui-

560 1236 653 1290 nis
703 1236 952 1307 perdidit
985 1228 1044 1303 7)
1098 1240 1197 1306 (ut
1245 1237 1535 1306 cogitant)
1585 1240 1638 1291 in
1691 1238 2031 1291 scandalum
2064 1229 2129 1300 8)
2181 1243 2241 1290 et
2292 1232 2683 1303 ignominiam
2729 1222 2740 1235 “

561 1329 801 1379 nostrae
838 1327 1160 1381 doctrinae.
1230 1323 1592 1400 Quanquam
1641 1339 1794 1381 tanta
1830 1336 1925 1381 est
1958 1323 2310 1395 ingratitudo
2348 1339 2459 1394 pro
2495 1321 2681 1390 gratia

561 1413 688 1468 Dei
713 1404 767 1478 ⁹)
803 1413 1030 1482 oblata,
1067 1414 1258 1470 tantus
1296 1416 1462 1469 verbi
1503 1426 1876 1483 contemtus,
1911 1426 2027 1468 tam
2055 1414 2279 1468 furiosa
2308 1413 2682 1467 incrementa
2759 1415 2766 1419 ’

563 1504 893 1572 scelerum,
929 1505 1227 1568 avaritiae,
1262 1522 1503 1571 usurae,
1536 1505 1739 1573 luxus,
1775 1505 1847 1570 ¹⁰)
1891 1505 2203 1572 odiorum,
2237 1501 2556 1574 perfidiae,
2591 1503 2684 1555 in-

526 1626 527 1629 =
561 1594 779 1658 vidiae,
814 1592 895 1659 11),
920 1595 1269 1666 superbiae,
1307 1594 1656 1665 impietatis,
1679 1594 1754 1652 12)
1787 1582 2315 1664 blasphemiarum,
2350 1601 2416 1645 ut
2451 1592 2681 1662 impro-

562 1683 753 1738 babile
787 1680 869 1749 1³)
919 1685 1028 1753 sit,
1081 1684 1441 1741 Germaniae
1494 1687 1729 1739 tandem
1779 1699 1826 1738 a,
1859 1685 2001 1739 Deo
2053 1683 2217 1752 parci
2264 1692 2320 1736 et
2367 1681 2681 1751 indulgeri.

558 1774 688 1837 ,Aut
737 1773 893 1861 enirn
944 1774 1151 1829 Turca
1197 1791 1310 1829 nos
1358 1773 1703 1842 castigabit,
1756 1785 1852 1826 aut
1901 1774 2012 1828 tale
2064 1772 2279 1844 aliquid
2330 1771 2680 1826 intestinum

534 1878 539 1885 ·
563 1863 783 1917 malum
808 1864 1115 1934 aliquando
1139 1880 1252 1921 nos
1276 1857 1356 1929 ¹4)
1390 1863 1664 1919 visitabit.
1733 1863 1968 1919 Poenas
2000 1862 2240 1933 quidem
2262 1851 2344 1929 ¹⁵)
2378 1861 2675 1916 sentimus

566 1965 625 2008 et
673 1953 942 2008 dolemus
993 1964 1050 2008 et
1099 1956 1436 2026 ploramus,
1488 1955 1594 2010 sed
1642 1955 1700 2008 in
1749 1954 2010 2025 peccatis
2046 1951 2397 2018 horrendis,
2452 1952 2565 2021 per
2597 1940 2678 2014 ¹⁶)

565 2060 717 2116 quae
754 2045 1134 2100 contristatur
1168 2036 1240 2108 17)
1277 2044 1525 2118 Spiritus
1562 2054 1836 2110 sanctus,
1886 2054 1945 2099 et
1977 2043 2149 2098 Deus
2184 2040 2435 2111 tangitur
2467 2041 2677 2115 dolore

566 2133 922 2187 intrinsecus
941 2174 958 2200 ,
995 2134 1346 2190 incedimus,
1365 2127 1446 2199 ¹5)
1514 2134 1672 2208 Quid
1699 2135 1914 2189 mirum
1933 2175 1949 2201 ‚
1986 2134 2033 2189 si
2061 2134 2234 2187 Deus
2258 2123 2337 2197 ¹⁹)
2363 2128 2679 2202 aliquando

563 2222 825 2276 vicissim
849 2223 1031 2276 rideat
1046 2224 1119 2286 ²⁰)
1146 2241 1257 2278 nos
1284 2225 1342 2277 in
1365 2223 1597 2278 interitu
1624 2236 1835 2279 nostro
1862 2224 2159 2295 plorantes
2184 2232 2245 2277 et
2267 2221 2580 2292 ejulanteS,
2594 2218 2681 2284 21)

566 2312 666 2382 qui
703 2313 982 2368 continue
1019 2315 1408 2380 clamantem,
1431 2316 1517 2379 22)
1554 2317 1971 2370 extendentem
2008 2316 2216 2385 gratiae
2251 2327 2501 2380 manus,
2533 2323 2591 2367 et
2627 2312 2680 2366 si

566 2401 691 2456 fieri
719 2415 953 2473 posset,
992 2405 1320 2476 plorantem
1348 2409 1550 2459 contra
1578 2423 1686 2482 nos
1711 2423 1824 2460 nec
1850 2406 2119 2459 audimus
2140 2442 2156 2468 ,
2191 2420 2304 2480 nec
2330 2402 2679 2480 aspicimus.

567 2483 848 2564 Denique
884 2511 1132 2549 necesse
1170 2508 1262 2551 est
1295 2496 1444 2550 haec
1481 2498 1769 2551 malorum
1807 2496 1959 2550 initia
1986 2496 2167 2554 ferre:
2202 2485 2425 2564 maiora
2450 2491 2541 2560 23)
2571 2493 2682 2547 im.

532 2582 825 2655 -Pendeut
858 2584 1370 2655 impoenitentibus
1387 2624 1406 2653 ,
1457 2603 1572 2640 nec
1626 2596 1714 2640 est
1761 2586 1921 2657 quod
1971 2595 2365 2654 expectemus
2412 2583 2681 2651 bonum,

567 2673 729 2744 quod
761 2690 883 2727 non
918 2684 1117 2744 potest
1148 2676 1349 2728 venire
1384 2676 1441 2729 in
1485 2677 1783 2738 futurum,
1833 2676 1922 2733 sic
1975 2675 2248 2745 implente
2301 2669 2511 2727 contra
2563 2689 2681 2727 nos

568 2766 809 2819 coelum
844 2773 903 2818 et
937 2774 1153 2819 terram
1188 2764 1452 2819 clamore
1490 2775 1874 2835 peccatorum
1923 2774 2288 2819 nostrorum.
2356 2763 2438 2818 Et
2482 2762 2683 2817 oculis

568 2854 968 2925 spiritualibus
1018 2854 1361 2909 horribilior
1404 2865 1496 2908 est
1545 2837 1723 2908 facies
1761 2853 2114 2932 Germaniae
2162 2863 2430 2924 tempore
2468 2854 2681 2925 pacm,

573 2944 714 2999 dum
766 2956 856 2999 tot
904 2946 1184 3000 monstris
1233 2942 1416 3011 gloria
1468 2943 1591 2998 Dei
1642 2944 1862 3014 ubique
1920 2956 2213 3013 vastatur,
2270 2944 2566 2999 ecclesiae
2629 2959 2688 2998 et

567 3034 814 3089 scholae
840 3035 1208 3106 dissipantur.
1279 3033 1644 3108 Quanquam
1673 3033 1828 3090 enim
1851 3027 1941 3100 ²⁴)
1977 3035 2198 3102 bellurn
2224 3050 2452 3105 paucos
2479 3051 2685 3088 emen-

533 3189 537 3196 ὁ
568 3125 700 3192 det,
749 3136 945 3180 tamen
976 3117 1070 3192 25)
1119 3126 1304 3179 risum
1337 3124 1655 3179 stultorum
1692 3135 2000 3180 convertet
2031 3117 2124 3192 26)
2169 3125 2226 3179 in
2264 3126 2524 3193 luctum,
2578 3128 2681 3197 qui

2461 3234 2493 3258 0

668 3365 708 3411 ι)
734 3360 823 3405 Ms.
842 3358 903 3405 N.
928 3358 1049 3416 ipse.
1146 3359 1195 3411 2)
1219 3358 1340 3422 mad)
1367 3357 1456 3411 Ms.
1476 3357 1532 3402 N.
1561 3382 1610 3392 -
1657 3357 1779 3408 ed).
1805 3358 1897 3403 Du.
1995 3359 2037 3410 3)
2071 3361 2133 3409 A.
2161 3361 2192 3412 †
2219 3362 2271 3406 et
2295 3357 2438 3405 alios.
2537 3363 2583 3411 4)
2616 3363 2677 3407 A.

571 3434 660 3479 Ms.
682 3433 736 3480 N.
774 3435 806 3485 †
836 3431 1030 3477 sancti&
1059 3435 1064 3439 ”
1128 3433 1173 3483 5)
1208 3433 1265 3477 A.
1292 3431 1383 3477 Ms.
1402 3430 1459 3475 N.
1489 3433 1608 3488 ipse.
1707 3434 1750 3483 6)
1790 3434 1845 3477 A.
1873 3456 1922 3466 ·-
1947 3432 2062 3478 mali
2089 3436 2154 3478 et.
2251 3435 2295 3484 7)
2335 3437 2394 3479 A.
2422 3433 2680 3490 plurimum

571 3521 610 3553 n.
639 3507 775 3553 fudit.
873 3508 918 3557 8)
947 3495 1033 3550 Ms.
1055 3503 1113 3552 N.
1139 3503 1186 3550 iu
1214 3518 1273 3551 -zc,
1304 3508 1355 3549 ut
1380 3516 1488 3559 cog.
1588 3505 1629 3556 9)
1656 3505 1743 3549 Ms.
1763 3505 1817 3550 N.
1849 3517 1877 3550 a
1902 3505 2023 3551 Deo.
2076 3507 2197 3557 36).
2224 3519 2314 3564 per
2339 3508 2543 3564 gratiam
2571 3507 2684 3554 Dei.

572 3584 638 3629 10)
660 3580 826 3626 Man.
855 3578 1087 3624 luxuriae.
1141 3578 1263 3628 Θὼ.
1282 3578 1507 3623 -luxum
1598 3580 1662 3628 11)
1690 3579 1850 3625 Ms.N.
1869 3579 2162 3626 -invidiae.
2260 3584 2329 3631 12)
2359 3583 2523 3628 Mans.
2553 3587 2586 3639 1-
2612 3591 2681 3632 et.

572 3658 640 3704 1³)
678 3657 735 3701 A.
763 3653 923 3701 Max.
952 3651 1267 3710 Impossibile.
1365 3653 1434 3703 ¹4)
1471 3652 1633 3700 ssierm.
1661 3652 1708 3702 st.
1742 3665 1856 3697 non.
1958 3656 2025 3701 15)
2063 3653 2184 3703 &dh
2222 3668 2425 3714 quoque.
2480 3662 2537 3703 A.
2569 3662 2600 3712 †
2630 3663 2681 3709 et

572 3726 713 3774 mala.
813 3731 878 3779 16)
903 3730 960 3773 A.
988 3738 1146 3783 supra.
1196 3723 1357 3776 Ms.N.
1384 3737 1546 3783 supen
1644 3727 1710 3782 17)
1746 3725 1865 3775 &dr
1894 3730 1950 3773 A.
1985 3730 2015 3781 †
2049 3728 2177 3773 Deus
2203 3733 2269 3774 et.
2372 3735 2435 3782 18)
2464 3735 2523 3777 A.
2554 3733 2682 3780 tide.

571 3805 692 3845 mus.
745 3799 902 3847 Man.
931 3799 1186 3857 pergimus.
1271 3800 1334 3847 19)
1362 3798 1484 3848 (ἐῶ.
1511 3801 1569 3843 A.
1598 3800 1629 3851 †
1655 3797 1704 3843 iu
1722 3797 1920 3845 interitu
1941 3803 2129 3846 nostro.
2153 3846 2170 3861 ‚
2210 3804 2278 3853 m)
2304 3793 2681 3853 Ms.N.'videat.

570 3877 640 3926 21)
666 3877 723 3919 A.
751 3872 991 3936 ululantes*
1016 3873 1157 3919 Prov.
1190 3876 1227 3920 1.
1310 3875 1381 3919 22)
1413 3871 1630 3927 Ms.N.,†
1656 3874 1721 3917 et.
1805 3872 1873 3922 23)
1902 3874 2022 3925 εἰῶ.
2054 3876 2081 3928 l·
2108 3886 2244 3938 quae.
2327 3879 2398 3931 24)
2426 3881 2483 3926 Α.
2513 3880 2680 3929 Man,

574 3933 737 4002 ctiam.
835 3948 904 4000 25)
930 3945 1088 3994 Ms.N.
1116 3958 1238 3994 cum.
1295 3946 1303 3956 '
1335 3948 1405 4001 26>
1432 3949 1492 3993 A.
1519 3946 1606 3993 Ms.
1620 3946 1676 3994 N.
1703 3949 1883 3995 vertet.
2157 3953 2162 3956 '
