2848 4595
538 248 667 319 668
1512 244 1695 320 1544.

542 364 651 456 ὓ·
691 416 749 466 et
782 409 856 468 P.
923 410 1093 470 Nihil
1119 427 1341 468 novum
1378 411 1519 470 facit
1546 408 1856 469 ‘Carlowitz
1877 452 1896 479 ,
1929 418 1996 466 nt
2020 409 2269 487 scribis,
2306 410 2389 465 mi
2413 413 2710 470 Antoni:
2771 392 2772 407 ἵ

538 500 649 558 sed
681 502 735 568 1)
782 501 971 558 homo
1020 503 1311 573 reprobus
1358 505 1537 571 facit,
1570 504 1627 568 ²)
1678 503 1852 574 quod·
1893 511 2164 558 meretur
2213 510 2272 561 et
2317 515 2382 555 se
2431 502 2708 575 dignum

539 601 659 649 est.
702 584 905 648 ‘Mitte
930 592 1184 662 vadere,
1216 590 1577 651 sicutvadit.
1635 591 1945 648 Dominus
1966 589 2022 658 3)
2058 604 2379 649 conservet
2409 604 2709 648 mentem

535 681 840 754 Principis
892 683 1162 741 Mam-itii
1210 685 1267 738 in
1322 683 1573 741 salutem
1622 678 1988 755 populorum
2036 683 2400 751 multorum,
2461 686 2709 741 Amen.

537 771 725 846 Quod
777 773 927 844 petis
976 774 1050 828 de
1103 771 1410 844 disciplina
1476 772 1885 828 ecclesiastica
1941 789 1971 824 a
2025 787 2123 826 me
2177 771 2407 841 scribi,
2479 774 2706 843 cogito

533 861 813 918 tortasse·
849 879 959 934 per
1008 852 1188 918 alium
1235 862 1291 916 id
1325 854 1387 927 ⁴>
1438 863 1790 917 effecturum
1823 861 2195 919 Dominum:
2246 879 2362 931 ego
2411 863 2608 934 plane
2641 876 2703 919 et
2771 914 2772 921 ,

532 954 710 1027 plene
737 955 1065 1009 exhaustus
1091 970 1256 1020 sum,
1292 964 1350 1008 et
1374 953 1467 1009 alii
1497 954 1707 1008 melius
1735 953 1790 1007 id
1817 952 2092 1009 efficient.
2155 953 2448 1025 Denique
2473 970 2702 1024 spero,

532 1041 883 1116 Principem
935 1044 1010 1117 ab
1042 1043 1267 1100 Anhalt
1313 1043 1690 1116 Episcopum
1748 1043 1926 1098 nobis
1975 1044 2248 1104 daturum
2305 1046 2703 1116 exemptum.

532 1131 607 1190 In
655 1150 773 1205 qua
829 1151 894 1189 re
952 1134 1077 1205 jam
1130 1133 1228 1188 diu
1288 1134 1466 1189 etiam
1530 1126 2009 1201 laboramus,5)
2063 1144 2132 1188 ut
2182 1120 2703 1204 Numburgensis

530 1220 879 1304 Episcopus
914 1224 1256 1294 exemplum
1292 1224 1530 1288 ederet,
1566 1223 1668 1278 ubi
1694 1223 1867 1288 Satan
1906 1223 2136 1281 aulicus
2175 1223 2353 1278 etiam
2377 1223 2700 1282 hactenus

538 1313 778 1382 restitit,
805 1314 966 1368 velut
993 1315 1067 1368 ini
1091 1306 1142 1381 ⁶)
1177 1312 1385 1389 angelo
1410 1312 1471 1367 in
1496 1313 1748 1368 Daniele
1782 1308 1996 1368 restitit
2020 1313 2300 1386 princeps
2325 1313 2698 1377 Persarum.

528 1399 842 1463 Dominus
878 1414 1084 1473 augeat
1116 1403 1290 1458 nobis
1326 1402 1600 1474 spiritum
1635 1418 1851 1471 suum,
1890 1402 2111 1468 Amens.

667 1507 831 1583 Quid
881 1510 1035 1565 aliud
1071 1526 1206 1581 agas
1241 1526 1381 1569 cum
1423 1510 1588 1577 illis,
1621 1510 1722 1582 qui
1761 1510 2211 1570 Sacramentum
2249 1509 2547 1569 differunt
2583 1527 2693 1566 ac-

533 1598 737 1669 cipere
774 1614 968 1672 usque
1004 1601 1075 1655 ad
1110 1611 1452 1663 extremum
1485 1596 1728 1682 halitum
1749 1639 1766 1667 ,
1810 1601 1921 1656 nisi
1958 1600 2284 1683 utgpublice
2319 1602 2688 1669 admoneu,

534 1688 647 1745 sib'i
697 1700 1030 1761 temperare
1078 1702 1138 1746 et
1184 1692 1395 1755 timere
1446 1706 1477 1746 a
1513 1692 1608 1747 tali
1644 1691 1959 1764 periculo?
2015 1690 2302 1762 deinceps
2352 1692 2687 1759 minando,

533 1779 587 1836 si
624 1782 758 1853 quis
796 1798 979 1851 porro
998 1769 1310 1838 -distuierit
1324 1823 1343 1851 ,
1397 1782 1593 1837 donec
1630 1797 1844 1839 sensus
1892 1792 1951 1837 et
1983 1782 2517 1849 ratio.defecerit,
2577 1783 2684 1837 illis

531 1886 655 1927 non
683 1869 861 1943 posse
886 1871 1208 1937 ministrari
1235 1871 1718 1938 Sacramentum,
1752 1887 1875 1926 non
1913 1872 2045 1943 pius
2073 1885 2236 1928 certe
2270 1888 2461 1943 quam
2491 1887 2680 1944 porco

532 1971 636 2016 aut
684 1962 836 2024 cani,
903 1962 1065 2018 Nam
1115 1978 1256 2016 cum
1309 1962 1422 2017 inis
1475 1979 1594 2035 non
1632 1972 1834 2034 potest
1883 1964 1970 2031 agi
2019 1963 2091 2017 de
2141 1963 2521 2034 poenitentia
2573 1980 2674 2019 nec

533 2051 867 2124 explorari,
921 2052 1064 2124 quid
1115 2048 1357 2107 credant
1408 2062 1510 2106 aut
1555 2064 1758 2121 agant:
1815 2060 1997 2127 quare
2048 2038 2170 2126 non
2221 2064 2494 2123 possunt
2549 2070 2663 2109 esst
2771 2122 2772 2129 ἵ

532 2159 781 2214 capaces
810 2142 1203 2210 Sacramenti,
1243 2152 1314 2209 et,
1333 2143 1552 2201 frustra
1587 2140 1699 2201 illis
1737 2144 2003 2198 offertur.
2071 2143 2154 2199 Sit
2176 2144 2422 2213 sanguis
2462 2162 2674 2200 eorum
2771 2170 2772 2185 ἢ

529 2248 717 2306 super
752 2242 935 2305 caput
975 2234 1275 2304 ipsorum,
1311 2223 1374 2297 ⁷)
1423 2232 1527 2303 qui
1576 2243 1695 2288 tota
1731 2233 1890 2302 vita,
1935 2234 2082 2286 >dum
2109 2234 2248 2289 sani
2293 2245 2482 2304 sunt,
2535 2252 2674 2290 con.

529 2331 799 2379 temnunt
849 2311 1099 2378 verbum
1151 2333 1209 2378 et
1260 2324 1744 2391 Sacramentum,
1792 2340 1916 2396 quo
1951 2322 2209 2380 fiunt‘de
2249 2324 2344 2382 die
2396 2324 2465 2381 in
2519 2327 2674 2381 diem

526 2412 852 2485 ineptiores
900 2413 969 2466 ad
1004 2413 1231 2483 ipsum,
1284 2423 1350 2472 ut
1386 2413 1610 2468 merito
1645 2413 2045 2472 Sacramentis
2090 2414 2405 2486 priventur
2453 2417 2512 2469 in
2565 2417 2675 2471 fine

527 2495 682 2559 miae
718 2504 953 2575 propria
987 2503 1179 2575 culpa.
1250 2503 1456 2578 Quare
1494 2504 1791 2587 cogitent,
1791 2504 1969 2558 dum
1994 2503 2233 2570 vivunt,
2270 2504 2417 2566 dum
2454 2507 2672 2574 valent,

529 2596 673 2651 dum
708 2597 908 2654 audire
958 2605 1019 2651 et
1050 2596 1415 2667 respondere
1459 2604 1521 2651 et
1555 2603 1803 2670 peccata
1848 2604 1925 2650 et
1945 2595 2122 2650 fidem
2154 2613 2302 2667 pure
2344 2610 2404 2650 et
2443 2591 2675 2654 diserte

527 2686 799 2742 confiteri
832 2694 1121 2759 possunt,
1171 2694 1233 2739 ut
1267 2685 1624 2741 adsuescant
1658 2685 1728 2739 ad
1763 2701 1941 2739 usum
1975 2685 2148 2739 verbi
2192 2697 2247 2743 et
2273 2685 2672 2744 Sacramenti.

530 2777 634 2833 Sin
670 2778 904 2845 minus,
940 2786 1177 2833 careant
1211 2776 1388 2831 etiam
1424 2778 1480 2830 in
1519 2774 1668 2847 fine,
1714 2792 1856 2829 oum
1890 2776 2041 2830 ratio
2078 2786 2137 2831 et
2171 2792 2386 2831 sensus
2426 2779 2671 2834 defece.

527 2867 683 2937 rint,
720 2866 885 2922 omni
918 2865 1249 2928 ministerio
1282 2869 1341 2921 e't
1366 2865 1755 2920 Sacramento
1793 2875 1854 2919 et
1878 2864 2301 2921 communione
2325 2861 2664 2937 Ecclesiae,

528 2959 689 3014 sicut
737 2957 796 3014 in
833 2957 946 3016 vita
999 2957 1317 3012 voluerunt
1363 2965 1426 3010 et
1457 2966 1824 3018 meruerunt.
1894 2955 2096 3012 Nobis
2143 2957 2487 3012 mandatum
2539 2969 2662 3028 est,

526 3066 604 3106 ne
656 3057 926 3103 sanctum
981 3046 1189 3101 demus
1243 3044 1535 3111 canibuS,
1583 3061 1698 3100 nec
1735 3043 1937 3116 porcis
1972 3046 2335 3115 margaritas.
2381 3047 2502 3102 Sic
2551 3065 2659 3104 nos

525 3150 774 3197 nostros
807 3137 1254 3204 admonuimus,
1291 3146 1349 3191 et
1374 3136 1459 3194 ita
1497 3137 1772 3198 fecimus.
1805 3128 1859 3198 8)
1931 3136 2146 3191 Bene
2132 3154 2192 3192 m
2221 3135 2498 3193 Domino
2535 3142 2656 3202 vale

464 3233 469 3238 “
528 3239 592 3286 et
626 3246 733 3300 ora
764 3244 876 3308 pro
911 3244 1033 3288 me.
1099 3227 1285 3285 Sexto
1323 3238 1462 3297 post
1499 3227 1646 3292 Viti,
1688 3226 2057 3282 MDXLIV.
2202 3291 2281 3347 M
2337 3291 2390 3348 L
2449 3293 2514 3348 D

660 3385 854 3444 Mittit
887 3383 1085 3453 Ketha
1121 3398 1255 3446 mea
1289 3382 1600 3444 modulum
1637 3400 1751 3454 pro
1788 3382 2043 3454 pelliceo
2071 3382 2333 3450 filiolae,
2386 3396 2459 3439 ut
2490 3396 2648 3438 curet

524 3492 771 3553 parare,
807 3491 930 3547 quo
965 3485 1140 3545 potes
1177 3471 1387 3543 aptius.
1459 3470 1846 3545 Quamquam
1879 3472 2118 3540 nescio,
2173 3488 2299 3543 quo
2326 3472 2473 3541 jure
2514 3486 2574 3528 te
2605 3476 2650 3527 ia

525 3569 875 3624 servitutem
913 3564 1293 3647 accepimus,
1344 3573 1410 3617 ut
1456 3563 1515 3627 in
1548 3562 1829 3617 omnibus
1875 3571 1938 3619 et
1979 3562 2039 3628 in
2074 3572 2193 3627 tam
2226 3563 2433 3632 multis
2481 3579 2651 3642 opera

525 3669 626 3718 tua
658 3660 836 3729 gratis
871 3666 1123 3720 utamur.
1195 3655 1502 3711 Dominus
1538 3652 1766 3718 reddat.
1800 3647 1852 3719 9)

627 3880 669 3931 1)
694 3875 1070 3922 Antist—sed.
1145 3877 1189 3925 2)
1217 3878 1271 3920 A.
1306 3873 1447 3941 stitit,
1515 3876 1560 3925 3)
1590 3877 1649 3921 Α.
1671 3874 1816 3921 Deus.
1892 3877 1938 3925 ὦ)
1965 3874 2173 3920 A.-t‹1-.
2250 3878 2297 3928 5)
2321 3877 2387 3922 Α.
2418 3877 2659 3923 laboravi-

526 3965 648 4004 mus.
722 3956 768 4004 6)
800 3953 962 4004 inam.
981 3951 1030 4004 ss.
1049 3948 1155 3996 ino.
1187 3953 1246 3996 A.
1266 3949 1370 3998 ius.
1446 3951 1491 4005 7)
1518 3952 1576 3995 A.
1597 3960 1783 3998 eorum.
1855 3953 1902 4003 8)
1928 3952 1990 3996 A.
2017 3948 2234 3997 tacimus.
2307 3953 2361 4002 9)
2387 3953 2451 3999 Δ.
2478 3953 2659 4001 reddet.
