2848 4595
543 231 670 308 3746
914 286 937 308 f.
1524 243 1709 316 1541.

546 401 742 456 Caroli
778 401 1105 457 voiuntate.
1173 401 1350 459 Deua
1381 403 1685 476 perficiat,
1722 402 1885 475 quod
1921 401 2179 474 incepit,
2215 407 2276 456 et
2302 412 2429 455 non
2453 398 2700 455 desinat

544 496 829 565 persequi
863 493 1156 564 lucifugas
1189 494 1331 549 istas
1359 496 1861 567 vespertiliones,
1898 494 2093 548 donec
2131 494 2358 548 oriatur
2392 492 2487 547 sol
2510 493 2701 562 justi-

544 582 662 637 tiae
699 583 887 652 palam
925 600 1031 640 eos
1068 585 1488 651 damnaturu3‚
1543 589 1761 641 Amen.

624 668 629 671 ¹
676 682 895 737 'l'oties
932 681 1157 738 oblitus
1194 699 1329 738 sum
1363 685 1417 748 1)
1469 676 1826 751 admonere,
1876 692 1942 738 ut
1977 681 2081 737 tibi
2120 697 2368 737 caveres
2405 697 2440 735 a
2480 679 2698 737 convi-

542 770 676 826 viis.
740 769 1020 828 Monstra
1043 773 1411 829 hic‘interim
1441 772 2291 829 crebrescuntvenoficorutn.
2358 770 2699 827 Erfordina

543 874 801 917 aromata
853 872 914 916 et
967 865 1283 936 pharmaca
1332 865 1657 920 aromatica
1691 875 2098 920 mercatorum
2131 862 2509 940 deprehensa
2544 872 2694 917 sunt

547 951 768 1007 infecta
802 955 1075 1010 venenis.
1142 955 1503 1024 Altenburgi
1537 972 1652 1009 una
1690 957 1748 1009 in
1780 969 1990 1009 mensa
2026 957 2091 1006 12
2119 952 2418 1007 venenum
2450 967 2697 1008 sumse-

544 1052 685 1097 runt
736 1043 797 1098 in
849 1044 1248 1099 condimentis
1302 1054 1362 1098 et
1411 1044 1691 1098 exstincti
1741 1055 1910 1100 sunt:
1964 1042 2056 1098 sic
2104 1052 2162 1097 et
2194 1043 2388 1097 Jenae
2437 1054 2497 1096 et
2542 1043 2697 1097 alias

542 1131 844 1188 Diabolus
895 1135 1076 1189 mittit
1122 1150 1270 1189 suos
1306 1133 1637 1190 veneficos·
1705 1134 1942 1199 Miror,
1993 1133 2136 1205 quid
2185 1133 2261 1187 sit
2299 1135 2356 1187 in
2390 1132 2698 1202 Magneti-

542 1222 695 1290 bus,
730 1225 783 1288 2)
832 1235 899 1279 ut
934 1242 1057 1279 non
1094 1225 1336 1295 vigilent
1369 1224 1448 1279 ἱιν
1466 1235 1626 1280 tanta
1659 1224 1809 1279 furia
1843 1225 2111 1281 Satanae.
2180 1223 2349 1278 Nihil
2397 1223 2688 1295 deinceps

541 1324 730 1368 tutum
771 1316 881 1369 erit
919 1332 1119 1370 emere
1155 1328 1251 1370 aut
1285 1317 1392 1373 uti.
1422 1313 1483 1382 ³)
1552 1317 1838 1387 Denique
1876 1315 2132 1370 narrabo
2168 1314 2427 1369 fabulam
2451 1353 2469 1380 ,
2501 1330 2690 1386 quam

510 1406 814 1487 ‚narrabat
846 1401 905 1474 ⁴)
939 1406 1071 1461 heri
1106 1405 1376 1462 «Iacobus
1413 1406 1678 1476 Walch,
1704 1401 1763 1476 ⁵)
1801 1407 1996 1461 scriba
2030 1414 2269 1461 nostrae
2305 1405 2494 1459 aulae.
2566 1404 2689 1460 Ve-

540 1496 701 1550 nisse
739 1497 796 1550 in
832 1497 1169 1567 quoddam,
1218 1497 1429 1552 nescio
1465 1498 1664 1569 quod,
1718 1498 2003 1569 oppidum
2037 1497 2190 1553 duos
2226 1497 2389 1551 viros
2411 1537 2429 1563 ,
2477 1498 2685 1568 specie

537 1584 892 1655 religio-308,
943 1589 1112 1659 quasi
1166 1589 1497 1643 ambientes
1546 1587 1939 1642 ministerium
1983 1587 2152 1642 verbi
2203 1588 2261 1641 in
2295 1588 2519 1643 nostris
2555 1586 2684 1643 Ec-

538 1675 758 1731 clesiis.
831 1677 1049 1733 Habuit
1085 1678 1334 1749 quilibet
1368 1695 1539 1733 suam
1565 1679 1752 1733 sicam
1777 1678 1899 1745 (2),
1936 1692 2113 1748 quam
2143 1676 2402 1749 hospiti,
2436 1678 2680 1748 quoties

538 1767 987 1835 egrederentur,
1017 1769 1468 1837 diligentissime
1489 1768 1978 1822 commendarant
1996 1767 2469 1821 custodiendam.
2513 1768 2679 1823 Tan..

536 1857 675 1911 dem
729 1857 958 1929 hospes
1012 1859 1192 1913 nimia
1238 1859 1333 1913 illa
1382 1858 1674 1927 diligentia
1724 1868 1929 1912 motus
1981 1857 2204 1928 incepit
2244 1848 2298 1923 ⁶)
2359 1858 2676 1926 scitur-ire,

520 1934 817 2020 'quidnam
855 1950 912 2003 in
950 1950 1079 2005 istis
1113 1950 1255 2004 sicis
1292 1949 1399 2017 sit,
1438 1959 1531 2016 et,
1568 1958 1771 2019 aperta
1803 1965 1919 2003 una
1953 1958 2093 2020 post
2132 1949 2412 2014 alteram,
2449 1949 2676 2006 invenit

535 2054 637 2092 eas
675 2041 923 2094 refertas
959 2039 1175 2095 hostiis
1210 2038 1496 2106 minutiS,
1550 2038 1768 2111 quibus
1804 2038 1932 2094 laici
1966 2039 2454 2107 communicant,
2494 2049 2555 2094 et
2591 2042 2676 2095 nil

508 2126 692 2185 'forte
731 2129 1048 2199 suspicans
1083 2128 1219 2183 mali
1242 2170 1259 2198 ‚
1294 2129 1466 2201 quasi
1501 2129 1739 2183 lusurus
1776 2142 1990 2183 eorum
2025 2129 2350 2198 viaticum,
2385 2123 2445 2195 7)
2491 2146 2672 2186 unam

534 2219 784 2290 accipit,
807 2212 868 2285 8)
906 2233 966 2275 et
998 2220 1306 2291 pulmento
1340 2221 1588 2286 miscet,
1624 2219 1737 2274 illis
1775 2220 2173 2291 proponendo
2203 2213 2258 2286 ⁹)
2293 2221 2355 2276 in
2387 2222 2669 2293 prandio,

533 2312 692 2364 forte
720 2310 919 2370 risum
952 2318 1246 2365 moturus.
1314 2309 1402 2364 Illi
1436 2321 1668 2375 autem,
1703 2321 1905 2366 sumto
1935 2311 2278 2383 palmeum,
2316 2313 2480 2368 illico
2510 2303 2677 2370 inor.

531 2413 657 2455 tem
690 2400 969 2456 obierunt
1003 2403 1061 2455 in
1097 2413 1349 2455 mensa.l
1393 2400 1479 2456 Sit
1513 2400 1735 2458 fabula:
1778 2410 1977 2455 tamen
2012 2415 2249 2456 certum
2283 2414 2412 2472 est,
2449 2405 2675 2460 veneti.

533 2508 644 2545 cus
682 2493 895 2560 vagari.
967 2492 1107 2546 Ideo
1157 2508 1267 2564 pro
1321 2490 1491 2544 vobis
1539 2491 1709 2545 valde
1761 2491 1981 2546 soiiciti
2031 2508 2278 2560 sumuS,
2331 2505 2529 2550 tamen
2571 2497 2672 2552 illo

530 2599 646 2636 nos
671 2583 962 2637 solamur:
997 2580 1275 2656 Angelis
1308 2580 1446 2660 ,quis
1471 2580 1809 2634 mandavit
1842 2580 2012 2640 deine
2045 2589 2158 2636 etc.
2194 2594 2253 2636 et
2287 2584 2418 2655 ipse
2456 2586 2670 2655 faciet,

533 2679 606 2725 ut
638 2671 807 2726 nihil
838 2671 925 2727 sic
957 2669 1287 2744 oper-tum,¹
1322 2671 1498 2746 quod
1525 2686 1658 2725 non
1695 2670 2031 2741 reveletur,
2067 2673 2223 2728 sicut
2257 2674 2400 2730 fecit
2434 2676 2495 2730 in
2531 2677 2672 2733 Me..

532 2764 762 2830 zentio,
798 2762 871 2829 ¹⁰)
913 2763 1030 2819 filio
1064 2762 1333 2826 Diaboli.

663 2862 881 2918 Omnia
915 2862 1017 2916 hic
1067 2863 1450 2930 salvasunt,
1503 2860 1626 2916 Dei
1662 2861 1866 2930 gratia.
1937 2861 2023 2916 D.
2056 2849 2256 2918 Jonas
2281 2861 2465 2919 Halae
2502 2881 2673 2938 prae.

436 2947 437 2950 ’
528 2953 687 3007 dicat
722 2955 848 3008 istis
884 2954 1103 3008 sanctis
1131 2956 1203 3017 ¹¹)
1238 2952 1399 3007 feriis
1426 2951 1773 3022 Paschatis,
1798 2952 1858 3019 ⁴)
1893 2953 2181 3007 fremente
2217 2952 2384 3023 arce,
2420 2958 2530 3011 sed
2562 2976 2673 3013 vo.

527 3045 686 3099 lente
723 3045 949 3118 populo
983 3041 1059 3109 ¹2)
1095 3051 1155 3098 et
1189 3029 1427 3099 Senatu.
1495 3041 1632 3112 Ego
1682 3043 1880 3097 adhuc
1926 3044 2042 3098 sub
2089 3044 2275 3099 Mose
2323 3045 2671 3106 immundus

527 3137 697 3191 fluxu
720 3136 877 3191 auris
894 3135 1119 3202 sedeo,
1155 3133 1474 3205 aliquando
1500 3133 1716 3203 vitam,
1754 3136 2068 3206 aliquando
2095 3146 2353 3191 mortem
2379 3139 2670 3209 cogitans.

527 3226 659 3281 Fiat
681 3227 956 3280 voluntas
979 3225 1266 3291 Domini,
1302 3226 1521 3280 Amen.
1594 3223 1737 3279 Vale
1763 3225 1821 3278 in
1849 3225 2118 3297 'Domino
2156 3227 2213 3280 in
2248 3235 2573 3285 aeternum.
2591 3228 2669 3291 ¹³)

530 3321 616 3371 20.
653 3317 855 3388 April,
901 3314 1217 3371 MDXLI.

1926 3380 2230 3438 Martinus
2265 3383 2601 3442 Lutherus.

631 3564 670 3611 1)
698 3560 820 3611 &dn
849 3563 882 3613 †
910 3563 977 3606 te.
1052 3562 1097 3613 2)
1128 3560 1180 3607 c.
1195 3562 1250 3607 G.
1280 3559 1471 3605 Aurif.
1499 3559 1878 3616 magistratibus.
1964 3561 2007 3611 3)
2035 3564 2093 3607 Α.
2122 3585 2172 3597 -
2196 3565 2281 3608 aut
2306 3562 2391 3608 uti.
2468 3565 2514 3616 4)
2544 3565 2666 3615 Θώ.

530 3635 760 3680 narrabit.
811 3658 817 3664 ·
853 3635 899 3684 5)
928 3638 986 3678 Α.
1014 3632 1144 3678 Wal.
1236 3637 1279 3686 6)
1308 3635 1359 3680 C.
1373 3636 1427 3681 G.
1459 3632 1646 3689 incipit.
1739 3635 1784 3684 7)
1813 3634 1932 3679 C.G.
1962 3635 2165 3679 viatum.
2253 3639 2297 3687 8)
2326 3637 2447 3682 C.G.
2475 3638 2664 3695 arripit.

526 3711 573 3757 9)
615 3697 659 3752 (ί
686 3710 743 3753 G.
781 3706 1098 3764 imponendo,
1198 3710 1266 3758 10)
1306 3707 1356 3751 C.
1378 3708 1433 3751 G.
1463 3708 1495 3759 †
1521 3705 1749 3751 naturali.
1851 3709 1918 3758 11)
1945 3706 1996 3753 C.
2016 3709 2069 3754 G.
2100 3705 2252 3756 illinc.
2303 3711 2362 3754 A.
2388 3731 2439 3743 —
2465 3711 2661 3757 sanctis.

526 3783 593 3830 12)
623 3781 744 3831 ἑὼ.
773 3779 1011 3837 Principe.
1064 3782 1120 3824 Α.
1148 3778 1309 3836 plebe.
1410 3781 1485 3832 13)
1510 3778 1633 3829 (ἐῶ.
1659 3800 1710 3812 —-
1735 3777 1859 3824 Vale
1887 3781 1979 3826 etc.

654 3847 677 3872 ί

626 3951 671 4001 ⁵⁸)
708 3949 776 4000 Qu·
803 3947 1008 4002 vrebisste
1036 3949 1076 3998 υ.
1108 3948 1173 3999 15.
1201 3949 1358 4001 statii.
