2848 4595
468 229 595 312 ³⁵20
715 247 722 254 ·
1258 323 1267 333 .
1438 228 1620 299 1541.

596 392 697 449 De
733 390 1160 465 Burggrnvintu
1194 395 1336 451 satis
1370 403 1438 450 tu
1470 396 1600 466 ipse
1635 392 1966 462 significas,
2014 391 2120 447 tibi
2162 407 2242 447 ex
2285 391 2416 446 aula
2449 402 2589 446 esse

463 486 800 556 scriptum.'
842 486 987 541 Non
1014 485 1259 541 dubium
1295 497 1420 556 est,
1453 485 1804 558 Principem
1838 484 1986 540 nihil
2006 484 2388 540 venditurum
2422 498 2588 550 esse,

459 583 616 630 tanta
652 586 746 631 cst
770 576 1143 643 constantia,
1179 575 1291 631 nisi
1319 576 1482 648 quod
1520 575 1672 630 ultra
1698 574 1845 631 nihil
1878 574 1995 631 sibi
2030 573 2326 643 arrogabit
2358 571 2589 646 imperii

460 662 522 720 in
555 663 758 733 Halle,
812 667 977 739 quod
1021 667 1511 738 Burggraviatum
1559 683 1681 723 non
1735 666 1980 737 attingit.
2047 664 2203 740 Quis
2254 665 2411 721 enim
2460 664 2585 719 hoc

458 756 515 811 ei
564 757 852 814 suadeat?
900 773 1038 812 cum
1085 774 1201 814 nos
1253 758 1618 825 doceamus,
1669 770 1775 813 sua
1826 758 1950 814 suis
1982 756 2241 824 ‚debet-e.
2309 755 2390 811 Et
2440 756 2587 812 satis

455 859 740 917 magnum
789 857 915 916 est,
969 848 1132 919 quod
1186 857 1246 903 te
1291 847 1518 904 Jonam
1565 839 1806 917 hostem
1859 847 2104 903 Satanae
2156 858 2218 902 et
2264 845 2585 901 Cardinalis

456 947 757 1007 coguntur
803 947 1010 1009 portae
1065 937 1394 993 inferorum
1452 940 1609 993 ferre
1662 940 1798 994 solo
1846 937 1971 994 hoc
2025 937 2202 992 titulo
2258 947 2320 991 et
2371 935 2586 992 umbra

345 1037 360 1044 “
458 1025 927 1098 Burggraviatus
987 1027 1045 1082 in
1098 1028 1299 1084 medio
1356 1043 1508 1097 suo,
1559 1027 1633 1084 de
1688 1043 1811 1100 quo
1862 1028 2075 1097 gratiae
2132 1026 2391 1097 agendae
2447 1034 2591 1080 sunt

459 1118 711 1174 Christo
735 1118 1139 1175 Dominatori.
1206 1118 1401 1175 Dices
1437 1136 1583 1188 ergo
1619 1118 1733 1175 illis
1756 1118 1999 1192 trepidis
2017 1156 2038 1185 ,
2070 1127 2135 1171 ut
2157 1119 2232 1190 tle
2254 1117 2377 1172 hoc
2410 1117 2587 1172 titulo
2612 1142 2616 1148 ·

458 1210 775 1266 vendendo
825 1227 947 1266 non
995 1211 1126 1266 sint'
1167 1210 1415 1266 soliciti:
1461 1210 1671 1279 Deus,
1722 1210 1827 1283 qui
1868 1218 2049 1268 vocat
2099 1224 2204 1277 ea,
2254 1224 2409 1281 quae
2460 1223 2588 1263 non

458 1313 632 1367 sunt,
666 1311 730 1354 ut
762 1299 915 1368 sint,
959 1297 1201 1355 vocabit
1234 1298 1410 1354 etiam
1446 1315 1526 1355 ex
1556 1299 1685 1354 hoc
1717 1315 1906 1373 parvo
1948 1298 2120 1354 titulo
2154 1283 2403 1368 magnaj
2429 1312 2587 1370 quae

454 1397 582 1446 non
617 1399 785 1459 sunt,
821 1400 888 1446 ut
919 1390 1070 1452 sint,
1107 1406 1187 1447 ex
1220 1389 1410 1447 nihilo
1446 1391 1668 1446 faciens
1704 1390 1924 1445 omnia.

593 1497 871 1566 Caetera,
906 1513 1060 1570 quae
1086 1493 1367 1566 mandas,
1402 1497 1581 1554 etiam
1609 1498 1767 1553 ultro
1797 1505 1857 1553 et
1885 1494 2313 1564 libentissime,
2348 1497 2471 1550 imo
2503 1512 2590 1552 ex

456 1584 663 1642 debito
699 1588 898 1643 facere
922 1604 1147 1658 cogor,
1183 1601 1250 1645 ut
1273 1603 1443 1644 orem
1471 1604 1583 1659 pro
1609 1586 1869 1642 ecclesia
1892 1585 2156 1641 Hallensi
2177 1625 2197 1653 ,
2233 1595 2293 1640 et
2317 1603 2428 1659 pro
2452 1586 2588 1658 ipso

454 1671 835 1733 Balthasaro.
903 1677 1210 1766 Dominus
1238 1677 1498 1734 vivificet
1522 1693 1694 1745 eum,
1732 1676 1890 1731 sicut
1924 1674 2182 1747 petimus
2215 1690 2329 1730 nos
2353 1689 2592 1731 omnes.

586 1782 689 1837 De
740 1783 996 1855 Syndico
1046 1784 1221 1839 vobis
1273 1784 1573 1855 parando,
1621 1781 1768 1842 mihi
1830 1782 2069 1838 videtur
2101 1780 2590 1838 Schneidewinus

455 1874 794 1929 vocandus.
863 1875 1025 1934 Nam
1061 1875 1134 1929 de
1185 1874 1309 1930 aliis
1344 1874 1492 1928 mihi
1526 1890 1722 1945 neque
1757 1889 1939 1944 spes,
1985 1889 2181 1945 neque
2213 1881 2427 1927 votum
2474 1881 2590 1927 est.

457 1963 522 2020 Si
558 1964 1005 2020 Schneidewein
1038 1979 1159 2019 non
1194 1964 1506 2035 continget
1538 1964 1737 2036 (quod
1771 1979 1894 2018 non
1926 1968 2105 2036 puto)
2140 1971 2395 2019 vocatus
2419 2003 2436 2031 ,
2485 1978 2595 2017 co-

458 2053 584 2125 g'ito
611 2055 683 2110 de
713 2055 990 2111 Doctore
1013 2054 1423 2111 Rosenecker.
1494 2052 1608 2112 Sed
1631 2068 1741 2108 cur
1771 2063 1834 2109 tu
1861 2053 2072 2124 jurista
2102 2070 2201 2108 me
2235 2052 2594 2122 theologum

457 2145 731 2201 consulis
779 2143 836 2200 in
885 2145 1015 2200 istis
1055 2133 1294 2200 caus‘is?
1359 2143 1462 2200 De
1500 2143 1856 2200 Zidoniensi
1893 2142 2151 2198 ecclesia
2202 2150 2260 2198 et
2289 2131 2596 2198 Herzbe‘r..

457 2237 626 2307 gensi
661 2234 942 2290 Diacono
990 2234 1079 2290 sic
1129 2233 1312 2305 haber
1370 2233 1706 2308 Postquam
1754 2234 1970 2291 Pastor
2011 2233 2402 2291 Zidoniensis
2446 2234 2595 2289 sim-

453 2325 698 2400 pliciter
727 2336 821 2380 est
854 2325 1258 2394 amovendus,
1295 2336 1356 2381 et
1380 2325 1853 2397 Herzbergensis
1878 2323 2088 2394 junior
2115 2323 2388 2380 videatur
2419 2340 2596 2395 com-

453 2414 781 2472 missariis:
832 2424 925 2470 est
959 2414 1332 2471 Pomeranus
1384 2415 1700 2471 inclinatus
1758 2400 1819 2471 εἷ
1875 2413 2126 2469 affectus
2180 2426 2320 2469 eum
2367 2430 2589 2470 vocare

455 2503 585 2560 huc
629 2503 1089 2576 Witenbergam
1139 2504 1211 2559 ad
1261 2505 1563 2578 Capeliani
1618 2504 1910 2573 officium,
1974 2503 2025 2559 si
2079 2504 2373 2570 voluerit,
2424 2504 2593 2578 quod

453 2596 604 2653 :mihi
637 2595 826 2666 magis
872 2594 1278 2652 honorificum
1331 2605 1390 2651 et
1436 2596 1551 2651 illis
1587 2595 1770 2667 magis
1815 2594 2096 2652 dedecori
2141 2596 2400 2663 futurum
2450 2611 2591 2652 esse

454 2685 727 2755 videtur,
775 2694 843 2742 ut
890 2685 981 2742 sic
1016 2686 1331 2741 carnaliter
1376 2685 1608 2761 loquar.
1680 2685 1988 2761 Quicquid
2035 2686 2179 2755 erit,
2229 2702 2441 2741 omnes
2486 2704 2594 2741 cu..

454 2778 633 2851 piunt
666 2776 1002 2853 honorifice
1039 2778 1091 2832 ei
1125 2776 1464 2850 provisum.
1530 2775 1674 2830 Vale
1709 2777 1768 2832 in
1801 2777 2048 2834 Christo
2066 2800 2098 2846 ,⁴
2136 2778 2195 2834 et
2227 2778 2589 2834 confortare.

455 2867 653 2929 Saluta
704 2868 851 2924 mihi
905 2882 1135 2943 quaeso
1189 2875 1539 2921 reverenter
1586 2866 1733 2922 istos
1787 2868 2156 2924 reverendos
2220 2883 2405 2923 canos
2454 2873 2590 2929 cani

455 2956 548 3017 D.
582 2958 921 3015 Middensis
967 2956 1176 3028 capitis
1226 2954 1514 3026 capillos,
1566 2962 1624 3010 et
1668 2957 1901 3013 omnia.
1950 2973 2101 3030 quae
2135 2966 2415 3028 teguntur
2460 2958 2588 3015 istis

455 3047 575 3123 piis
613 3050 863 3120 capillis.
932 3046 1100 3102 Salva
1135 3055 1276 3102 sunt
1311 3046 1370 3101 in
1403 3045 1588 3100 domo
1622 3055 1722 3099 tua
1756 3048 1973 3102 omnia.

597 3155 700 3212 De
734 3164 973 3209 caetero
1007 3168 1129 3207 non
1165 3163 1453 3224 expectes
1487 3159 1603 3207 tam
1639 3153 1847 3222 longas
1881 3162 1941 3208 et
1961 3154 2228 3225 prolixas
2262 3154 2460 3211 literas
2491 3156 2590 3210 vel

460 3246 768 3320 epistolas.
835 3244 992 3301 Nam
1031 3258 1164 3299 cras
1200 3242 1481 3315 accingar
1516 3243 1583 3297 ad
1619 3243 1868 3300 Novum
1900 3244 2354 3302 'l'estamentum
2395 3247 2595 3320 perlu-

464 3336 805 3404 strandum,
864 3339 952 3391 sic
1011 3333 1442 3407 imperantibus
1498 3334 1885 3407 typographis
1939 3334 2199 3392 dominis
2259 3340 2502 3394 nostris.
2538 3338 2593 3406 ²)

441 3424 669 3484 .Nemo
706 3443 849 3496 ergo
883 3424 1027 3481 mihi
1055 3424 1346 3480 molestus
1381 3424 1476 3481 sit.
1543 3423 1679 3494 Ego
1713 3424 1977 3495 stigmata
2004 3426 2386 3485 dominorum
2418 3438 2595 3501 typo.

465 3514 833 3587 graphorum
881 3514 938 3570 in
985 3508 1324 3570 infirmitate
1358 3530 1490 3569 mea
1524 3513 1798 3588 portabo.
1863 3514 2170 3572 Dominus
2216 3528 2457 3586 tecum,
2505 3519 2590 3573 mi

462 3603 661 3674 Jona,
706 3616 766 3661 et
800 3606 986 3660 saluta
1022 3620 1232 3660 omnes
1268 3617 1516 3661 nostros
1557 3602 1618 3662 in
1653 3604 1922 3662 Christos
1986 3607 2314 3673 Dominica
2358 3609 2589 3663 Vocem

462 3693 910 3761 *Iucundum*
946 3711 997 3750 ἃ·
1031 3694 1346 3754 MDXLL
1730 3754 1806 3819 ’Τ
1860 3758 2161 3820 Martinus
2195 3762 2501 3822 Lutherus

565 3942 608 3991 1)
633 3940 716 3987 Au
729 3949 754 3986 r
766 3936 827 3986 it.
851 3962 904 3976 —
927 3936 1126 3987 nostrin.
