2848 4595
445 235 610 309 264.
715 243 719 247 ⁴
849 318 853 323 ,
1418 241 1635 329 1⁵40„

443 404 662 477 opera,
712 401 1083 459 ostendimus
1131 403 1479 473 dignitatem
1532 372 2203 468 officior-amentum,
2254 397 2582 456 discrimen

438 489 584 571 legis
610 502 668 550 et
693 494 1180 562 promissionum.
1251 495 1536 565 Denique
1554 494 1756 548 multis
1788 492 2058 547 articulis
2082 491 2391 546 doctrinae
2415 488 2575 544 chri.

439 581 663 637 stiauae
715 582 912 638 lucem
961 586 1287 640 attulimus.
1356 585 1424 640 Id
1470 601 1689 655 negare
1739 601 1862 639 non
1913 593 2169 653 possunt
2221 580 2580 648 adversarii,

437 682 500 725 et
545 672 594 727 si
638 672 768 728 sine
818 674 1112 729 calumnia
1145 676 1446 730 voluerint
1487 675 1799 746 judicare,
1853 672 2022 729 fateri
2074 680 2414 742 coguntur,
2464 686 2577 726 nos
2657 704 2670 714 -

433 762 528 834 pia
581 773 642 837 et
696 762 850 823 utilia
899 765 1143 819 docere.
1215 764 1421 841 Quare
1477 765 1526 820 si
1565 766 1813 833 volent,
1864 760 2300 830 assentiantur,
2351 762 2402 817 si
2455 779 2578 817 non

367 852 370 857 ’
433 831 680 920 volent,
715 857 1020 929 sequenda
1041 856 1216 911 nobis
1254 855 1362 910 erit
1377 857 1589 924 regula
1615 854 1819 912 Pauli·
1863 854 1950 910 Si
1965 854 2114 930 quis
2147 853 2582 910 aliudEvam

432 942 672 1049 9elium
705 946 1016 1016 docuerit,
1051 946 1406 1009 anathema
1440 946 1545 1001 sit.

472 1083 476 1087 “
565 1056 838 1134 Secunda
891 1090 1030 1148 pars
1069 1075 1511 1132 deliberationis
1545 1087 1786 1133 nostrae
1841 1085 1933 1134 est
1967 1078 2041 1131 de
2086 1070 2269 1134 rebus
2306 1073 2580 1131 externis

429 1150 817 1220 necessariis.
886 1166 1009 1221 Has
1060 1180 1349 1221 vocamus
1397 1166 1850 1236 abrogationem
1902 1152 2171 1223 omnium
2224 1166 2581 1233 missarum,

425 1247 492 1310 in
527 1255 747 1327 quibus
783 1256 1034 1323 desunt,
1085 1258 1185 1327 qui
1233 1254 1348 1315 unii
1383 1266 1626 1313 utantur
1658 1258 2081 1326 Sacramento,
2129 1256 2579 1326 abrogationem

432 1345 733 1414 Canonis,
784 1348 883 1418 qui
912 1347 1089 1415 jubet
1121 1340 1340 1402 offerre
1377 1348 1538 1403 illam
1572 1348 1981 1404 ceremoniam
2017 1366 2130 1423 pro
2166 1348 2295 1403 aliis
2329 1347 2483 1403 vivis
2520 1358 2580 1402 et

430 1437 686 1491 mortuis
710 1475 727 1504 ,
798 1437 1249 1506 abrogationem
1313 1438 1632 1493 universae
1699 1439 2097 1495 invocationis
2159 1423 2576 1505 mortuorum,

431 1524 696 1580 directae
732 1526 830 1579 vel
866 1525 1187 1581 indirectae
1211 1568 1230 1596 ,
1265 1523 1717 1598 abrogationem
1744 1539 2028 1584 votorum
2066 1539 2123 1583 et
2146 1526 2579 1592 monachatus,

433 1615 880 1670 restitutionem
918 1617 1184 1686 conjugii
1224 1617 1603 1672 sacerdotum
1639 1629 1701 1673 et
1732 1619 1991 1688 integrae
2027 1627 2366 1687 synaxeos,
2402 1614 2580 1671 abt-0-

436 1705 1143 1777 gationemimagicorum
1181 1707 1402 1763 rituum
1423 1745 1442 1775 ,
1477 1709 1919 1765 consecrandae
1954 1722 2141 1781 aquae
2164 1745 2185 1772 ‚
2226 1705 2593 1781 herbarum„

436 1796 716 1859 nolarum
751 1806 807 1850 et
842 1794 1124 1853 similium
1160 1812 1395 1863 rerum,
1432 1796 1575 1852 item
1611 1797 1951 1853 funebrium
1985 1797 2446 1853 sacrificiorum.

571 1932 785 1991 Minus
840 1906 1051 2006 curant
1095 1929 1299 2006 Reges
1349 1936 1660 2005 dogmata,
1731 1952 1910 2007 quam
1960 1945 2271 2003 externam
2323 1933 2579 1988 formam

437 2018 900 2093 Ecclesiarum‚
948 2028 1083 2082 ideo
1120 2022 1484 2082 dimicabunt
1533 2026 1828 2081 acerrime
1864 2025 1936 2080 de
1980 2022 2300 2079 retinendis
2334 2022 2580 2095 privatis

439 2108 731 2184 liturgiis,
781 2115 856 2171 de
893 2132 1006 2168 usu
1050 2110 1226 2170 unius
1261 2117 1444 2188 partis
1481 2115 1883 2181 sacramenti,
1935 2115 2010 2167 de
2053 2113 2435 2168 invocatione
2469 2111 2584 2168 Di..

439 2217 687 2261 vorum.
756 2200 1056 2261 Fortassis
1090 2217 1150 2260 et
1184 2206 1257 2259 de
1294 2204 1593 2260 coelibatu
1631 2202 1975 2276 litigabunt,
2012 2205 2148 2279 quia
2183 2214 2279 2259 est
2312 2218 2583 2258 commo-

442 2294 555 2350 dus
608 2294 841 2352 tuendis
905 2292 1124 2367 opibus
1178 2296 1609 2353 ecclesiasticis
1666 2293 1752 2382 <g
1790 2294 2096 2369 splendori
2165 2295 2583 2377 sacerdotum·

406 2431 410 2435 ,
442 2382 821 2455 intelligimus
857 2386 1185 2443 Pontifices
1238 2401 1298 2443 et
1333 2388 1537 2458 Reges
1572 2403 1940 2476 magnopere
1988 2403 2020 2441 a
2056 2386 2345 2456 conjugio
2381 2384 2585 2440 Sacer..
2667 2409 2670 2411 v

445 2478 654 2534 dotum
709 2469 1060 2542 abhorrrre·
1132 2495 1248 2536 uec
1297 2478 1695 2535 monasticam
1756 2478 2002 2534 omnino
2067 2471 2293 2532 aboleri
2347 2476 2585 2531 volent.

445 2562 706 2638 denique
727 2577 1062 2639 proponent
1081 2565 1255 2624 nobis
1278 2570 1727 2624 moderationes
1747 2563 2171 2623 Moshemicas
2194 2569 2279 2632 (2)
2298 2565 2587 2620 autVice.

443 2656 666 2726 lianas,
717 2669 869 2730 quae
923 2659 1181 2714 retinent
1229 2675 1455 2718 nervos
1504 2658 1840 2731 impietatis.
1920 2657 2239 2713 Caeterum
2295 2655 2585 2729 quaedam

445 2747 707 2818 vulgaria
742 2749 882 2803 vitia
905 2744 1210 2819 jubebunt
1244 2743 1501 2819 corrigi,
1549 2766 1701 2822 quae
1737 2757 1936 2804 tamen
1971 2748 2100 2805 tolli
2136 2765 2261 2804 non
2296 2753 2586 2821 possunt,

447 2838 500 2893 si
557 2835 788 2893 radices
839 2827 1135 2894 maneant.
1225 2837 1610 2912 Quamquam
1668 2850 1863 2895 autem
1916 2843 2037 2894 non
2102 2838 2459 2893 arbitramur
2514 2837 2587 2890 de

442 2929 630 2985 missa
665 2939 727 2985 et
760 2925 1155 3002 applicatione
1192 2931 1514 3001 quidquam
1542 2929 1715 2985 nobis
1741 2927 2147 2987 concessuros
2174 2946 2345 2997 esse,
2388 2940 2589 2984 tamen

445 3020 737 3090 fingamus
790 3022 1020 3093 aliquos
1056 3021 1427 3075 decursuros
1479 3037 1617 3076 esse
1668 3023 1737 3075 ad
1776 3020 2077 3096 Gallicum
2117 3017 2479 3086 consilium,
2522 3027 2587 3073 ut

445 3091 711 3182 quotidie
749 3110 806 3164 in
829 3110 1144 3181 parochiis
1178 3127 1291 3165 una
1328 3107 1513 3167 missa
1550 3111 1687 3180 fiat,
1729 3112 1958 3167 etiamsi
1996 3112 2214 3166 desunt
2249 3107 2587 3165 communi-

444 3212 672 3257 cantes.
739 3202 1069 3273 Disputant
1101 3204 1289 3268 enim,
1339 3201 1501 3257 hanc
1537 3203 1942 3258 ceremoniam
1981 3219 2119 3258 esse
2173 3219 2325 3274 opus
2365 3212 2422 3256 et
2451 3217 2587 3271 spe..

441 3285 745 3348 otaculum
764 3329 783 3360 ,
820 3309 945 3363 quo
980 3293 1199 3368 gratiae
1235 3306 1531 3363 aguntur,
1568 3311 1692 3367 quo
1725 3293 2015 3350 memoria
2050 3294 2340 3348 retinetur
2370 3293 2584 3348 mortis

443 3376 687 3439 Christi.
769 3377 986 3438 Potest
1049 3372 1227 3452 igitur
1279 3401 1309 3437 a
1360 3384 1609 3454 singulis
1662 3383 1785 3439 fieri
1804 3421 1824 3454 ,
1879 3384 2187 3455 inquiunt,
2248 3396 2313 3438 ut
2371 3383 2584 3454 singuli
2658 3421 2661 3424 Δ

441 3481 701 3543 possunt
735 3472 834 3527 vel
869 3461 1301 3546 recordationis
1338 3489 1554 3540 causa,
1605 3473 1744 3540 vel,
1785 3483 1852 3528 ut
1884 3473 2099 3541 gratias
2136 3484 2347 3543 agant,
2382 3474 2583 3541 legere
2650 3475 2655 3478 “

438 3557 759 3617 historiam
796 3557 868 3616 de
894 3574 1085 3616 morte
1111 3562 1367 3631 Christi,
1403 3561 1499 3617 vel
1528 3563 1829 3618 Psalmum
1875 3562 2131 3631 aliquem
2169 3562 2381 3616 eodem
2415 3578 2585 3631 argu.

427 3662 671 3707 tnento.
740 3645 904 3706 Haec
959 3652 1237 3724 speciose
1288 3651 1666 3723 disputantur
1717 3668 1747 3705 a
1796 3652 2105 3724 profanis,
2159 3650 2261 3728 qui
2315 3652 2581 3707 instructi

440 3754 578 3811 sunt
613 3734 797 3796 literis
834 3750 894 3796 et
929 3735 1266 3811 eloquentia
1288 3776 1306 3806 ,
1345 3751 1402 3796 et
1439 3742 1780 3842 conferunt)
1791 3736 1905 3795 hos
1942 3739 2090 3796 ritus
2133 3741 2204 3793 ad
2241 3739 2580 3812 spectacula

441 3825 718 3887 Romana
754 3840 850 3883 aut
883 3830 1116 3896 Attica,
1157 3832 1480 3884 memoriae
1517 3845 1695 3887 eausa
1740 3833 2018 3886 instituta.
2089 3823 2376 3886 Videmus
2423 3832 2583 3886 enim

441 3915 634 3978 delabi
670 3912 908 3991 ingenia
937 3919 1009 3974 ad
1043 3934 1257 3992 pravas
1295 3917 1634 3990 opiniones.
1700 3920 1813 3978 Sed
1840 3937 1952 3977 nos
1988 3922 2340 3993 simpliciter
2374 3922 2582 3978 decre.
