2848 4595
1154 246 1337 318 1542.
2143 202 2303 349 '459

318 406 421 463 De
444 410 696 485 pecunia
717 408 1195 467 Weissenseensi
1222 412 1349 479 sac,
1381 408 1551 481 >quod
1575 409 1744 464 facis,
1810 407 1967 465 Nam
1998 405 2136 462 satis
2173 392 2311 471 eget

185 495 485 568 Magister
516 498 651 567 ille,
687 516 881 556 novus
915 501 1160 555 maritus
1185 540 1201 567 ‚
1252 501 1345 553 cui
1382 501 1514 555 data
1548 511 1639 555 est
1671 498 1996 552 mediatore
2027 497 2114 552 D.
2146 493 2311 550 Pon.

189 600 348 645 tano.
418 589 718 657 Viderint,
754 592 851 662 qui
890 590 1092 646 dolum
1128 592 1436 659 fecerunt,
1470 591 1567 644 vel
1603 606 1726 645 non
1760 590 2052 642 fecerunt.
2190 594 2191 597 ’

314 694 417 758 De
452 705 866 775 supputatione
901 716 999 759 tua
1036 704 1124 760 s'ic
1150 703 1377 772 sentio,
1414 704 1556 758 mihi
1583 719 1830 774 prorsus
1865 701 2074 756 similia
2110 698 2317 754 solunt
2347 700 2359 710 ‘

188 796 245 848 in
290 792 445 850 libro
496 811 692 866 eoque
742 797 920 848 unico
968 795 1254 848 Judicum
1302 811 1413 849 sex
1463 793 1805 848 occurrisse
1853 791 2306 863 impedimenta,
2344 819 2359 846 t

188 900 338 956 quae
372 885 495 939 tibi.
564 884 645 938 Et
680 901 971 956 sequerer
1005 885 1186 939 hodie
1224 886 1607 953 cogitationes
1640 896 1769 937 tuas
1793 924 1809 951 ‚
1845 882 1959 937 nisi
1995 896 2091 934 eas
2127 890 2306 948 tunc,

186 992 327 1029 cum
375 991 576 1029 essem
621 978 677 1029 in
726 993 943 1047 opere,
993 992 1090 1029 me
1139 987 1526 1043 exercentes,
1577 971 1880 1049 vicissem.
1946 971 2103 1028 Nam
2146 970 2309 1042 quod

188 1074 253 1118 tu
303 1064 440 1118 illud
475 1067 507 1129 ,²3
541 1064 692 1132 Reg.
729 1062 829 1121 VI}
867 1066 954 1120 sic
1002 1065 1243 1133 intelligi
1279 1066 1467 1119 velles
1490 1104 1508 1131 ,
1556 1063 1725 1133 quasi
1770 1061 1870 1115 480
1905 1061 2036 1115 anni
2082 1069 2309 1115 tantum

186 1154 261 1208 de
284 1142 788 1223 bonis'judi'cibus
814 1157 1041 1223 dicant,
1079 1173 1198 1210 non
1225 1157 1294 1210 de
1325 1157 1548 1227 populo
1584 1165 1678 1207 aut
1699 1152 2125 1225 servitutibus,
2164 1167 2309 1221 qua.

183 1243 318 1298 liter
352 1245 425 1296 de
457 1244 589 1313 Saul
624 1255 847 1298 tantum
883 1246 1001 1299 duo
1037 1246 1204 1312 anni,
1251 1258 1312 1300 et
1344 1246 1417 1298 de
1454 1245 1681 1299 Horam
1720 1256 1947 1297 tantum
1996 1251 2137 1295 octo
2174 1239 2309 1294 anni

185 1334 491 1404 supputari
513 1334 834 1401 ‘videntur,
882 1345 944 1388 tu
980 1334 1232 1402 videris,
1273 1347 1555 1405 quantum
1594 1333 1694 1388 hic
1730 1330 2003 1386 movebis
2036 1329 2309 1383 absurdi-
2348 1376 2353 1383 .

185 1432 374 1477 tatum
422 1424 482 1476 in
529 1422 811 1491 historia,
865 1424 984 1476 imo
1037 1423 1094 1478 in
1139 1422 1437 1477 Ecclesia.
1503 1421 1660 1477 Nam
1713 1422 1821 1475 ista
1876 1416 2308 1489 consequentia

183 1511 344 1565 nulla
395 1523 520 1580 est,
570 1512 855 1583 populum
907 1528 1040 1566 esse
1082 1510 1502 1582 peccatorem:
1555 1527 1698 1579 ergo
1748 1526 1821 1565 eo
1869 1523 2140 1580 tempore
2180 1524 2307 1562 non

184 1602 368 1656 fuisse
405 1603 692 1672 populum
724 1603 879 1668 Dei,
917 1613 1013 1659 aut
1046 1602 1252 1656 Deum
1289 1602 1531 1671 populi,
1571 1600 1913 1671 praesertim
1955 1595 2308 1666 promissio-

183 1708 324 1745 nem
376 1691 672 1747 habentis.
756 1691 979 1745 Bileam
1031 1690 1217 1745 Num.
1255 1689 1479 1745 XXIV.
1532 1690 1697 1743 dicit:
1755 1705 1888 1741 non
1938 1685 2180 1741 idolum
2233 1685 2310 1738 in

184 1778 407 1835 Jacob.
441 1798 444 1799 ⁷
476 1782 694 1836 Contra
731 1782 918 1836 Amos
955 1783 1123 1836 dicit:
1174 1779 1510 1854 Numquid
1538 1778 1696 1833 milzi
1731 1776 2049 1833 obtuh'stis
2093 1776 2161 1829 in
2195 1776 2305 1829 de-

184 1879 362 1927 serto
405 1888 528 1945 per
577 1868 643 1926 lto
676 1875 934 1927 annos?
1000 1872 1058 1926 Si
1109 1888 1251 1941 ergo
1300 1871 1414 1924 sub
1458 1870 1644 1923 Mose
1696 1869 1851 1932 (imo
1903 1868 2014 1922 sub
2057 1866 2305 1922 Christo

183 1961 299 2017 fuit
328 1960 518 2017 Judas
567 1972 626 2017 et
662 1964 915 2032 populus
963 1963 1210 2033 impius)
1249 1961 1462 2016 fuerint
1496 1961 1832 2013 idololatrae
1880 1976 1954 2013 eo
1995 1968 2303 2027 tempore,

186 2068 314 2124 quo
350 2054 576 2108 nullum
624 2054 731 2106 fuit
763 2051 986 2106 idolum
1024 2052 1082 2105 in
1114 2049 1349 2118 Jacob,
1396 2053 1569 2104 etiam
1618 2052 1751 2121 ipso
1786 2060 1975 2115 teste,
2026 2047 2126 2100 ubi
2164 2046 2308 2100 dicit

185 2142 382 2201 Dent.
403 2142 573 2197 xl1.:
611 2144 766 2197 Non
782 2141 1019 2212 facies,
1053 2143 1218 2197 sicut
1252 2158 1370 2203 nos
1403 2141 1591 2195 hodie
1620 2129 1921 2207 facimus,
1963 2135 2307 2210 unusquis.

184 2232 528 2309 que'quod
568 2228 688 2286 sihi
733 2238 974 2286 rectum
1009 2232 1296 2285 videtur:
1347 2241 1571 2304 quanto
1619 2230 1802 2299 magis
1852 2229 1960 2282 sub
2006 2228 2197 2283 Josua
2245 2234 2310 2282 et

185 2323 317 2378 aliis
367 2323 515 2376 tales
567 2322 843 2376 fluerunt.-
904 2321 1037 2376 lmo
1087 2321 1376 2376 Ezechiel
1431 2322 1604 2386 dicit,
1659 2335 1978 2373 mammas
2028 2314 2308 2374 Aalibas

167 2409 391 2482 juisse
425 2418 657 2466 tactas.
691 2413 740 2478 ¹)
805 2410 887 2466 Et
940 2412 1032 2464 alii
1068 2412 1409 2483 Prophetae
1445 2410 1649 2466 dicunt
1694 2410 1768 2464 ab
1815 2410 1979 2465 initio
2017 2409 2203 2473 (sicut
2247 2417 2312 2463 et

185 2502 442 2559 Moses)
500 2501 690 2555 fuisse
741 2499 995 2555 rebelles
1045 2499 1335 2554 Domino.
1378 2533 1385 2540 ·
1423 2500 1493 2554 ld
1544 2500 1684 2569 quid
1737 2511 1835 2564 ‚est
1884 2499 2074 2567 aliud,
2130 2513 2309 2569 quam

185 2591 527 2650 Ecclesiam
565 2590 685 2645 Dei
734 2588 949 2644 laudari
988 2587 1436 2658 quidem,quasi
1472 2599 1762 2660 perpetuo
1810 2599 2071 2644 sanctam
2119 2599 2178 2644 et
2213 2605 2313 2641 ca-

189 2673 407 2748 stam:
431 2689 486 2733 et
529 2690 726 2738 tamen
773 2678 947 2732 simul
985 2677 1336 2745 significari,
1386 2677 1446 2731 in
1495 2679 1617 2747 ipsa
1663 2693 1800 2732 esse
1846 2679 2000 2732 filios
2033 2676 2314 2744 Diaboli,

189 2771 313 2826 imo
365 2773 631 2824 satanam
684 2770 838 2824 inter
887 2768 1039 2826 filios
1088 2767 1232 2822 Dei.
1313 2767 1579 2822 Proinde
1636 2778 1836 2821 tecum
1888 2785 2007 2821 non
2056 2782 2312 2837 possum

194 2859 454 2927 sentire,
500 2859 664 2930 quod
706 2862 739 2913 3
773 2859 923 2926 Reg.
959 2857 1068 2913 VI.
1105 2858 1181 2912 eit
1225 2857 1636 2927 intelligendus
1669 2873 1955 2912 numerus
1996 2873 2105 2926 pro
2138 2857 2313 2914 bonis

190 2960 418 3004 tantum
444 2949 772 3018 judicibus·
841 2945 956 3002 Sed
992 2948 1192 3019 potius
1231 2952 1440 3002 Actor.
1475 2945 1638 3003 xm.
1675 2946 1893 3018 putabo
1932 2947 2312 3018 depravatum

192 3038 295 3092 400
330 3055 440 3110 pro
473 3041 609 3106 300,
660 3048 722 3093 ut
766 3039 822 3091 in
858 3054 994 3091 meo
1037 3037 1347 3091 Chronico
1393 3031 1639 3106 signavi.
1711 3036 2212 3110 Quandoquidem
2257 3047 2317 3092 et

194 3130 476 3202 Stephani
533 3127 790 3183 narratio
852 3131 993 3182 Act.
1044 3127 1175 3181 vn.
1236 3127 1453 3182 cedere
1518 3125 1696 3180 debet
1748 3127 1919 3184 Mosi
1977 3126 2317 3195 Chronico,

194 3229 263 3273 ut
311 3217 528 3272 ibidem
575 3217 827 3271 ostendi.
906 3216 1095 3284 Igitur
1138 3215 1306 3268 aliam
1360 3216 1569 3270 afferto
1619 3211 2098 3270 conciliationem
2147 3214 2315 3271 Pauli

194 3299 411 3365 Actor.
455 3296 625 3361 xm.
678 3321 817 3359 cum
866 3306 902 3355 3
933 3305 1084 3371 Reg.
1125 3303 1222 3358 lrI.
1304 3304 1442 3359 Tua
1491 3311 1601 3360 ista
1648 3305 1793 3358 mihi
1845 3319 1966 3358 non
2017 3305 2319 3362 satisfacit.
2362 3359 2381 3372 ,

195 3397 340 3452 Vale
401 3397 459 3450 in
511 3395 817 3463 Domino,
874 3403 935 3450 et
984 3410 1089 3450 ota
1144 3409 1254 3464 pro
1309 3409 1429 3448 me.
1515 3394 1649 3451 Fer.
1700 3395 1752 3449 6.
1808 3402 1948 3469 post
2000 3393 2318 3463 Laurent.,

196 3485 541 3544 MDXLII.

1553 3594 1633 3654 T.
1669 3595 1967 3654 Martinus
2004 3598 2253 3658 Luther.

308 3927 354 3977 t)
382 3926 550 3976 ffietm.
574 3925 624 3976 st·
651 3923 845 3974 fractas.
