2848 4595
1217 275 1403 344 1540.
2097 228 2109 235 ’
2251 264 2376 343 265

213 432 462 502 vimus,
498 450 622 489 non
656 443 1013 506 recepturos
1047 451 1164 491 nos
1199 436 1382 492 ullam
1416 434 1718 505 liturgiam
1753 434 1887 497 sine
1923 431 2375 494 communicari.
2416 502 2419 505 Δ

228 524 419 594 tibus,
473 527 610 597 quia
662 529 886 582 nemini
933 527 1074 583 lieet
1121 529 1435 583 instituere
1483 529 1683 583 cultus
1735 528 1866 580 sine
1904 526 2182 580 mandato
2218 523 2372 583 Dei:

228 614 342 670 tale
377 627 576 670 autem
613 620 1024 688 spectaculum
1057 616 1385 673 haberetur
1415 636 1531 690 pro
1566 608 1733 672 cultu
1770 615 2116 671 necessario
2154 613 2375 669 Eccle..

226 706 384 772 siae,
418 720 479 761 et
514 707 915 762 discernendo
953 725 983 762 a
1006 710 1469 765 manducatione
1491 708 1721 780 populi:
1761 723 1946 779 quare
1974 721 2226 778 prorsus
2248 722 2377 764 non

226 797 643 869 recipiendum
679 784 796 853 est.
860 798 1319 872 Repullularent
1354 816 1571 853 omnes
1608 798 1829 853 abusus
1855 798 2095 852 Coenae
2122 784 2374 852 Domini

224 887 346 942 hac
370 888 561 942 forma
587 901 828 960 recepta
846 930 867 956 ,
902 891 1101 944 statim
1130 889 1288 943 enim
1315 889 1617 944 diceretur
1650 889 1707 943 id
1731 887 2143 960 spectaculum
2170 876 2401 941 cultus'

226 994 370 1032 esse
424 992 504 1032 ex
555 986 741 1049 opere
775 992 1047 1048 operato.
1115 979 1253 1035 Nec
1300 980 1691 1033 adferendum
1738 989 1830 1033 est
1861 976 1987 1032 huc
2022 976 2392 1046 exemplum.

223 1067 638 1130 Leviticarnm
677 1071 1175 1124 ceremoniarum.
1246 1070 1371 1125 Hae
1418 1081 1589 1125 erant
1625 1069 1982 1141 paedagogia
2019 1068 2289 1143 populi,
2318 1074 2377 1124 et
2414 1108 2423 1122 .

228 1158 315 1213 ob
365 1163 496 1212 eam
533 1175 779 1214 causam
813 1162 1141 1215 servandae
1178 1170 1378 1228 erant,
1429 1178 1552 1216 non
1597 1174 1660 1214 ut
1695 1159 1915 1214 cultus.
1983 1162 2064 1213 At
2113 1160 2170 1212 in
2208 1173 2372 1213 novo

224 1248 635 1323 Testamento
682 1250 880 1304 nullae
930 1238 1309 1307 ceremoniae
1364 1252 1495 1305 sine
1548 1252 1660 1304 tide
1722 1250 1977 1322 placent.
2060 1248 2252 1304 Liber
2300 1246 2421 1311 sit,

221 1352 377 1392 usus
409 1338 595 1409 hujus
645 1341 1056 1409 ceremoniae,
1111 1351 1175 1395 ut
1209 1339 1433 1397 Paulus
1484 1342 1708 1413 inquit:
1758 1337 2000 1395 Probet
2045 1355 2113 1394 se
2158 1338 2374 1411 ipsum

222 1427 457 1499 homo,
505 1438 566 1485 et
599 1430 691 1486 sic
726 1430 803 1502 de
831 1448 1005 1504 pane
1051 1430 1166 1486 illo
1201 1432 1369 1487 edat.
1439 1431 1521 1491 Et
1555 1443 1787 1507 maneat
1834 1426 2375 1486 forma’ministerii

225 1536 263 1573 a
299 1517 549 1575 Christo
584 1519 849 1576 instituta
902 1533 961 1576 et
993 1521 1309 1576 observata
1343 1522 1572 1591 aliquot
1618 1522 1877 1577 saeculis
1931 1522 1989 1574 in
2027 1521 2215 1591 prima
2251 1518 2399 1589 Ec..

224 1610 441 1666 clesia.
504 1609 642 1666 Nec
675 1611 845 1682 queri
881 1623 1150 1683 possunt,
1174 1611 1494 1667 adversarii
1519 1649 1537 1679 ,
1573 1610 1798 1667 nos-ab
1834 1610 2107 1666 Ecclesia
2143 1611 2375 1665 dissen-

221 1700 341 1755 tire
364 1738 384 1768 ,
413 1701 468 1757 si
501 1692 645 1757 illud
677 1701 1091 1774 spectaculum
1125 1704 1388 1757 nolimus
1422 1702 1717 1773 recipere.
1787 1700 1910 1773 Ipsi
1940 1701 2135 1773 potius
2171 1717 2203 1754 a
2229 1716 2374 1755 vera

225 1801 292 1844 et
313 1792 503 1845 veteri
529 1790 811 1847 Ecclesia
835 1792 1213 1860 dissentiunt,
1249 1791 1351 1865 qui
1375 1808 1613 1846 morem
1635 1790 2077 1863 amplectuntur
2100 1792 2373 1860 ignotum

223 1874 422 1936 veteri
453 1880 791 1937 Ecclesiae.
859 1882 1260 1939 Postulabunt
1308 1894 1369 1938 et
1413 1882 1591 1948 illud,
1641 1893 1707 1935 ut
1742 1881 2146 1955 approbemus
2196 1895 2373 1935 usum
2415 1940 2422 1955 ‚

224 1971 408 2026 unius
432 1973 613 2043 partis
638 1972 1000 2028 Sacramenti
1019 2013 1036 2040 ,
1074 1974 1180 2029 sed
1205 1973 1476 2027 assentiri
1504 1990 1622 2028 non
1651 1987 2010 2049 possumus:
2042 1988 2176 2027 ‘non
2212 1971 2374 2025 enim

226 2062 380 2117 licet
412 2062 590 2119 nobis
627 2063 867 2118 abolere
903 2064 1239 2119 institutum
1261 2063 1505 2118 Christi.
1575 2063 1884 2118 Sensimus
1921 2077 2028 2115 eos
2050 2061 2374 2136 admodum

226 2140 492 2223 graviter
527 2151 723 2220 ferre,
748 2170 901 2208 cum
935 2164 1181 2225 propter
1204 2164 1581 2208 mortuorum
1619 2152 2065 2207 invocationem
2095 2150 2373 2212 dicuntur

226 2234 632 2299 idololatrae.
668 2243 816 2301 Ideo
867 2244 1152 2317 quaerent
1201 2258 1433 2300 novum
1478 2252 1860 2315 praetextum
1875 2276 1913 2312 ‚2
1945 2241 2145 2299 dicent
2190 2241 2372 2320 licere

226 2333 382 2389 dicit
431 2333 558 2388 Ora
603 2351 719 2406 pro
753 2334 964 2401 nobis,
1017 2343 1223 2388 sancte
1262 2332 1460 2389 Petre.
1530 2331 1670 2388 Nec
1711 2332 1870 2387 hanc
1918 2321 2171 2388 formam
2220 2331 2374 2386 reci.

225 2423 500 2496 piemus:
536 2412 671 2478 nain
696 2425 895 2479 omnis
922 2424 1221 2479 invocatio
1248 2424 1508 2479 absentis
1526 2423 1734 2479 tribuit
1756 2425 1839 2478 illi
1858 2423 2370 2496 omnipotentiam.

223 2512 520 2584 Denique
553 2515 744 2569 varias
793 2513 1147 2568 arbitramur
1180 2514 1527 2585 praestigias
1569 2513 2022 2582 excogitaturos
2073 2509 2250 2581 esse,
2300 2513 2373 2568 ad

228 2605 644 2659 excusandam
682 2613 742 2658 et
777 2605 1143 2659 retinendam
1180 2605 1446 2660 radicem
1495 2605 1854 2676 impietatis,
1904 2616 1964 2660 et
2009 2614 2074 2659 ut
2107 2604 2399 2664 Proteus,

230 2695 435 2768 omnia
468 2710 757 2750 versuros
804 2709 940 2750 sese
989 2694 1049 2749 in
1095 2695 1381 2748 miracula
1430 2711 1654 2749 rerum.
1723 2694 1839 2749 Sed
1875 2695 2124 2749 omnino
2159 2695 2373 2749 decre.

226 2785 463 2854 vimus,
514 2802 630 2839 nec
666 2785 739 2839 de
774 2783 890 2840 illis
927 2783 1106 2840 rebus
1142 2785 1445 2852 externis,
1499 2800 1650 2856 quas
1693 2785 2149 2852 recensuimus,
2201 2785 2372 2856 quid.

231 2867 418 2947 quam
479 2874 833 2929 adversariis
880 2874 1101 2944 largiri.
1183 2874 1279 2928 Ad
1331 2873 1443 2944 lias
1496 2874 1872 2945 adJungimus
1920 2874 2044 2927 hoc
2091 2859 2395 2947 quoquez'

226 2980 536 3036 nunquam
574 2964 881 3039 probaturi
912 2980 1123 3020 sumus
1145 2965 1462 3022 Pontificis
1483 2965 1741 3022 Romani
1766 2976 2154 3037 potestatem,
2191 2982 2374 3038 quam

228 3055 347 3112 sibi
373 3058 555 3112 sumit
575 3072 755 3127 supra
782 3067 1056 3111 caeteros
1080 3055 1449 3127 Episcopos.
1522 3055 1646 3130 Qui
1673 3056 1902 3112 etiamsi
1928 3055 2372 3121 volentos-tasse
2420 3047 2425 3058 ’

227 3146 452 3218 aliquid
487 3145 680 3215 largiri
712 3145 890 3201 nobis
925 3144 1230 3211 barbariS,
1277 3159 1342 3199 ut
1378 3151 1491 3200 nos
1524 3155 1739 3214 vocat,
1789 3155 1988 3202 tamen
2023 3146 2083 3200 in
2117 3146 2372 3203 caeteris

231 3237 431 3307 regnis
479 3237 689 3291 eadem
741 3235 1115 3310 prohibebit,
1153 3235 1394 3305 jubebit
1445 3238 1579 3308 pios
1633 3235 1919 3304 interfici,
1969 3254 2085 3292 nec
2136 3237 2374 3291 desinet

230 3345 373 3383 esse
406 3327 860 3398 Antichristus,
910 3336 979 3382 ut
1008 3326 1234 3383 Paulus
1290 3327 1600 3396 significat.
1673 3327 1876 3402 Quare
1921 3327 2190 3383 stabilire
2239 3327 2371 3397 ejus
2418 3391 2421 3394 Α

229 3418 610 3492 tyrannidem
646 3433 767 3473 non
800 3417 959 3473 licet.
2349 3473 2357 3481 ,

362 3508 578 3566 Tertia
611 3511 751 3580 pars
786 3506 1227 3563 deliberationis
1262 3517 1357 3563 est
1391 3509 1466 3562 de
1502 3506 1686 3563 rebus
1722 3503 2096 3579 adiaphoris,
2134 3515 2375 3588 uthsunt

228 3601 458 3671 aliquae
496 3600 554 3654 in
589 3597 827 3668 templis
865 3596 1160 3653 lectiones
1197 3597 1360 3668 piae,
1413 3598 1669 3653 vestitus
1716 3595 2065 3674 etp-‘similiaz
2114 3598 2259 3653 item
2294 3599 2369 3658 de

224 3689 683 3762 Episcoporum
719 3687 1066 3756 autoritate,
1109 3686 1538 3756 jurisdictione
1571 3698 1632 3742 et
1667 3683 2091 3741 ordinationes
2125 3687 2229 3743 De
2267 3687 2368 3744 his

227 3779 414 3836 rebus
449 3779 539 3848 agi
571 3775 720 3832 nihil
755 3765 990 3849 potest,
1025 3776 1136 3831 nisi
1171 3777 1339 3850 prius
1375 3793 1520 3832 vere
1559 3776 1876 3832 conveniat
1910 3776 1982 3830 de
2019 3773 2284 3838 doctrina
2311 3791 2369 3835 et

227 3871 303 3926 de
339 3869 523 3925 rebus
555 3868 933 3924 necessariis.
1003 3865 1062 3920 Si
1097 3865 1738 3938 Episcopimordicus
1765 3867 2100 3922 retinebunt
2126 3885 2366 3926 errores

229 3971 289 4017 et
325 3959 540 4033 impias
575 3955 988 4025 ceremonias,
1036 3971 1287 4012 necesse
1338 3965 1435 4011 est
1465 3955 1752 4013 Paulinae
1788 3958 2025 4039 regulae
2062 3958 2369 4038 obtempe-
