<?xml version="1.0" encoding="UTF-8"?>
<!DOCTYPE html PUBLIC "-//W3C//DTD XHTML 1.0 Transitional//EN"
    "http://www.w3.org/TR/xhtml1/DTD/xhtml1-transitional.dtd">
<html xmlns="http://www.w3.org/1999/xhtml" xml:lang="en" lang="en">
 <head>
  <title>
</title>
<meta http-equiv="Content-Type" content="text/html;charset=utf-8" />
  <meta name='ocr-system' content='tesseract 3.04.00' />
  <meta name='ocr-capabilities' content='ocr_page ocr_carea ocr_par ocr_line ocrx_word'/>
</head>
<body>
  <div class='ocr_page' id='page_1' title='image "./briefesendschre00wettgoog_0611.png"; bbox 0 0 2848 4595; ppageno 0'>
   <div class='ocr_carea' id='block_1_1' title="bbox 1163 216 2328 335">
    <p class='ocr_par' dir='ltr' id='par_1_1' title="bbox 1163 216 2328 335">
     <span class='ocr_line' id='line_1_1' title="bbox 1163 216 2328 335; baseline -0.004 -15"><span class='ocrx_word' id='word_1_1' title='bbox 1163 249 1347 324; x_wconf 73' lang='lat'><strong>154³.</strong></span> <span class='ocrx_word' id='word_1_2' title='bbox 1836 216 1839 219; x_wconf 69' lang='grc'><strong>’</strong></span> <span class='ocrx_word' id='word_1_3' title='bbox 2205 249 2328 335; x_wconf 74' lang='lat' dir='ltr'><strong>sn</strong></span> 
     </span>
    </p>
   </div>
   <div class='ocr_carea' id='block_1_2' title="bbox 195 406 2417 850">
    <p class='ocr_par' dir='ltr' id='par_1_2' title="bbox 195 406 2417 579">
     <span class='ocr_line' id='line_1_2' title="bbox 196 406 2417 493; baseline -0.002 -19"><span class='ocrx_word' id='word_1_4' title='bbox 196 424 438 473; x_wconf 79' lang='lat' dir='ltr'><strong>tractas.</strong></span> <span class='ocrx_word' id='word_1_5' title='bbox 504 406 620 472; x_wconf 80' lang='lat' dir='ltr'><strong>Vel</strong></span> <span class='ocrx_word' id='word_1_6' title='bbox 664 427 792 470; x_wconf 90' lang='lat' dir='ltr'><strong>non</strong></span> <span class='ocrx_word' id='word_1_7' title='bbox 840 418 933 470; x_wconf 81' lang='lat' dir='ltr'><strong>est</strong></span> <span class='ocrx_word' id='word_1_8' title='bbox 980 411 1217 485; x_wconf 78' lang='lat' dir='ltr'><strong>sapiens</strong></span> <span class='ocrx_word' id='word_1_9' title='bbox 1259 412 1416 471; x_wconf 85' lang='lat' dir='ltr'><strong>lnter</strong></span> <span class='ocrx_word' id='word_1_10' title='bbox 1446 426 1569 469; x_wconf 85' lang='lat' dir='ltr'><strong>nos</strong></span> <span class='ocrx_word' id='word_1_11' title='bbox 1597 419 1699 469; x_wconf 84' lang='lat' dir='ltr'><strong>aut</strong></span> <span class='ocrx_word' id='word_1_12' title='bbox 1698 425 1881 493; x_wconf 77' lang='lat' dir='ltr'><strong>vos,</strong></span> <span class='ocrx_word' id='word_1_13' title='bbox 1933 409 2003 468; x_wconf 77' lang='lat' dir='ltr'><strong>ad</strong></span> <span class='ocrx_word' id='word_1_14' title='bbox 2037 415 2330 486; x_wconf 74' lang='lat' dir='ltr'><strong>quos&#39;re-</strong></span> <span class='ocrx_word' id='word_1_15' title='bbox 2412 434 2417 441; x_wconf 90' lang='lat'><em>·</em></span> 
     </span>
     <span class='ocr_line' id='line_1_3' title="bbox 195 499 1755 587; baseline -0.003 -23"><span class='ocrx_word' id='word_1_16' title='bbox 195 510 390 587; x_wconf 81' lang='lat' dir='ltr'><strong>ferres</strong></span> <span class='ocrx_word' id='word_1_17' title='bbox 427 508 577 564; x_wconf 84' lang='lat' dir='ltr'><strong>iram</strong></span> <span class='ocrx_word' id='word_1_18' title='bbox 610 517 805 574; x_wconf 83' lang='lat' dir='ltr'><strong>tuam,</strong></span> <span class='ocrx_word' id='word_1_19' title='bbox 842 499 1159 579; x_wconf 77' lang='lat' dir='ltr'><strong>antequam</strong></span> <span class='ocrx_word' id='word_1_20' title='bbox 1194 504 1284 562; x_wconf 85' lang='lat' dir='ltr'><strong>sic</strong></span> <span class='ocrx_word' id='word_1_21' title='bbox 1319 503 1653 561; x_wconf 77' lang='lat' dir='ltr'><strong>insanires?</strong></span> <span class='ocrx_word' id='word_1_22' title='bbox 1748 520 1755 527; x_wconf 82' lang='lat'><strong>·</strong></span> 
     </span>
    </p>

    <p class='ocr_par' dir='ltr' id='par_1_3' title="bbox 195 591 2332 850">
     <span class='ocr_line' id='line_1_4' title="bbox 329 591 2327 665; baseline 0 -15"><span class='ocrx_word' id='word_1_23' title='bbox 329 597 446 652; x_wconf 85' lang='lat' dir='ltr'><strong>Sed</strong></span> <span class='ocrx_word' id='word_1_24' title='bbox 482 592 554 650; x_wconf 80' lang='lat' dir='ltr'><strong>ad</strong></span> <span class='ocrx_word' id='word_1_25' title='bbox 588 610 740 650; x_wconf 87' lang='lat' dir='ltr'><strong>rem.</strong></span> <span class='ocrx_word' id='word_1_26' title='bbox 801 591 951 650; x_wconf 86' lang='lat' dir='ltr'><strong>Non</strong></span> <span class='ocrx_word' id='word_1_27' title='bbox 998 610 1111 649; x_wconf 88' lang='lat' dir='ltr'><strong>nos</strong></span> <span class='ocrx_word' id='word_1_28' title='bbox 1159 609 1194 648; x_wconf 82' lang='lat' dir='ltr'><strong>a</strong></span> <span class='ocrx_word' id='word_1_29' title='bbox 1230 603 1326 662; x_wconf 90' lang='lat' dir='ltr'><strong>te,</strong></span> <span class='ocrx_word' id='word_1_30' title='bbox 1380 594 1487 650; x_wconf 87' lang='lat' dir='ltr'><strong>sed</strong></span> <span class='ocrx_word' id='word_1_31' title='bbox 1532 606 1599 646; x_wconf 88' lang='grc' dir='ltr'><strong>ιιι</strong></span> <span class='ocrx_word' id='word_1_32' title='bbox 1643 598 1675 646; x_wconf 77' lang='lat' dir='ltr'><strong>a</strong></span> <span class='ocrx_word' id='word_1_33' title='bbox 1720 591 1894 650; x_wconf 86' lang='lat' dir='ltr'><strong>nobis</strong></span> <span class='ocrx_word' id='word_1_34' title='bbox 1941 593 2099 649; x_wconf 85' lang='lat' dir='ltr'><strong>haud</strong></span> <span class='ocrx_word' id='word_1_35' title='bbox 2150 592 2327 665; x_wconf 87' lang='lat' dir='ltr'><strong>dubie</strong></span> 
     </span>
     <span class='ocr_line' id='line_1_5' title="bbox 195 683 2329 759; baseline -0.001 -15"><span class='ocrx_word' id='word_1_36' title='bbox 195 688 422 755; x_wconf 75' lang='lat' dir='ltr'><strong>habes,</strong></span> <span class='ocrx_word' id='word_1_37' title='bbox 472 685 639 759; x_wconf 89' lang='lat' dir='ltr'><strong>quod</strong></span> <span class='ocrx_word' id='word_1_38' title='bbox 674 694 1040 739; x_wconf 83' lang='lat' dir='ltr'><strong>sacramenta</strong></span> <span class='ocrx_word' id='word_1_39' title='bbox 1075 683 1196 739; x_wconf 85' lang='lat' dir='ltr'><strong>sint</strong></span> <span class='ocrx_word' id='word_1_40' title='bbox 1228 684 1538 752; x_wconf 73' lang='lat' dir='ltr'>actiones,</span> <span class='ocrx_word' id='word_1_41' title='bbox 1586 701 1709 739; x_wconf 91' lang='lat' dir='ltr'><strong>non</strong></span> <span class='ocrx_word' id='word_1_42' title='bbox 1750 694 1975 742; x_wconf 87' lang='lat' dir='ltr'><strong>stantes</strong></span> <span class='ocrx_word' id='word_1_43' title='bbox 2012 685 2329 743; x_wconf 79' lang='lat' dir='ltr'><strong>factiones</strong></span> 
     </span>
     <span class='ocr_line' id='line_1_6' title="bbox 197 772 2332 850; baseline -0.001 -15"><span class='ocrx_word' id='word_1_44' title='bbox 197 779 314 835; x_wconf 77' lang='lat' dir='ltr'><strong>Sed</strong></span> <span class='ocrx_word' id='word_1_45' title='bbox 346 792 497 850; x_wconf 88' lang='lat' dir='ltr'><strong>quae</strong></span> <span class='ocrx_word' id='word_1_46' title='bbox 536 785 629 832; x_wconf 88' lang='lat' dir='ltr'><strong>est</strong></span> <span class='ocrx_word' id='word_1_47' title='bbox 662 776 770 830; x_wconf 85' lang='lat' dir='ltr'><strong>ista</strong></span> <span class='ocrx_word' id='word_1_48' title='bbox 807 772 1120 844; x_wconf 82' lang='lat' dir='ltr'><strong>singularis</strong></span> <span class='ocrx_word' id='word_1_49' title='bbox 1158 784 1257 828; x_wconf 87' lang='lat' dir='ltr'><strong>tua</strong></span> <span class='ocrx_word' id='word_1_50' title='bbox 1290 774 1627 844; x_wconf 84' lang='lat' dir='ltr'><strong>temeritas,</strong></span> <span class='ocrx_word' id='word_1_51' title='bbox 1680 787 1745 831; x_wconf 89' lang='lat' dir='ltr'><strong>ut</strong></span> <span class='ocrx_word' id='word_1_52' title='bbox 1791 784 1910 830; x_wconf 81' lang='lat' dir='ltr'><strong>tam</strong></span> <span class='ocrx_word' id='word_1_53' title='bbox 1942 776 2095 831; x_wconf 81' lang='lat' dir='ltr'><strong>mala</strong></span> <span class='ocrx_word' id='word_1_54' title='bbox 2129 777 2332 847; x_wconf 79' lang='lat' dir='ltr'><strong>specie</strong></span> 
     </span>
    </p>
   </div>
   <div class='ocr_carea' id='block_1_3' title="bbox 97 864 2329 945">
    <p class='ocr_par' dir='ltr' id='par_1_4' title="bbox 97 864 2329 945">
     <span class='ocr_line' id='line_1_7' title="bbox 97 864 2329 945; baseline -0 -21"><span class='ocrx_word' id='word_1_55' title='bbox 97 934 108 945; x_wconf 37' lang='lat' dir='ltr'><strong>l</strong></span> <span class='ocrx_word' id='word_1_56' title='bbox 196 886 323 925; x_wconf 87' lang='lat' dir='ltr'><strong>non</strong></span> <span class='ocrx_word' id='word_1_57' title='bbox 376 867 672 936; x_wconf 77' lang='lat' dir='ltr'><strong>abstineas</strong></span> <span class='ocrx_word' id='word_1_58' title='bbox 693 905 715 934; x_wconf 87' lang='lat'>,</span> <span class='ocrx_word' id='word_1_59' title='bbox 788 880 967 938; x_wconf 79' lang='lat' dir='ltr'><strong>quam</strong></span> <span class='ocrx_word' id='word_1_60' title='bbox 1016 864 1176 920; x_wconf 87' lang='lat' dir='ltr'><strong>scire</strong></span> <span class='ocrx_word' id='word_1_61' title='bbox 1234 875 1293 920; x_wconf 90' lang='lat' dir='ltr'><strong>te</strong></span> <span class='ocrx_word' id='word_1_62' title='bbox 1353 865 1620 939; x_wconf 79' lang='lat' dir='ltr'><strong>oportuit</strong></span> <span class='ocrx_word' id='word_1_63' title='bbox 1677 880 1817 920; x_wconf 83' lang='lat' dir='ltr'><strong>esse</strong></span> <span class='ocrx_word' id='word_1_64' title='bbox 1878 865 2329 937; x_wconf 78' lang='lat' dir='ltr'><strong>scandalosa&#39;m,</strong></span> 
     </span>
    </p>
   </div>
   <div class='ocr_carea' id='block_1_4' title="bbox 167 954 2416 4021">
    <p class='ocr_par' dir='ltr' id='par_1_5' title="bbox 167 954 2416 4021">
     <span class='ocr_line' id='line_1_8' title="bbox 195 954 2331 1034; baseline 0 -19"><span class='ocrx_word' id='word_1_65' title='bbox 195 976 411 1034; x_wconf 83' lang='lat' dir='ltr'>nempe</span> <span class='ocrx_word' id='word_1_66' title='bbox 448 957 618 1031; x_wconf 87' lang='lat' dir='ltr'><strong>quod</strong></span> <span class='ocrx_word' id='word_1_67' title='bbox 646 955 943 1028; x_wconf 85' lang='lat' dir='ltr'><strong>reliquum</strong></span> <span class='ocrx_word' id='word_1_68' title='bbox 976 954 1098 1010; x_wconf 80' lang='lat' dir='ltr'><strong>vini</strong></span> <span class='ocrx_word' id='word_1_69' title='bbox 1131 955 1231 1010; x_wconf 83' lang='lat' dir='ltr'><strong>vel</strong></span> <span class='ocrx_word' id='word_1_70' title='bbox 1252 955 1426 1027; x_wconf 82' lang='lat' dir='ltr'><strong>panis</strong></span> <span class='ocrx_word' id='word_1_71' title='bbox 1449 955 1668 1010; x_wconf 84' lang='lat' dir='ltr'><strong>misces</strong></span> <span class='ocrx_word' id='word_1_72' title='bbox 1692 954 1876 1027; x_wconf 78' lang='lat' dir='ltr'>priori</span> <span class='ocrx_word' id='word_1_73' title='bbox 1902 956 2037 1029; x_wconf 84' lang='lat' dir='ltr'><strong>pani</strong></span> <span class='ocrx_word' id='word_1_74' title='bbox 2062 967 2122 1012; x_wconf 86' lang='lat' dir='ltr'><strong>et</strong></span> <span class='ocrx_word' id='word_1_75' title='bbox 2145 959 2331 1016; x_wconf 73' lang='lat' dir='ltr'><strong>vino?</strong></span> 
     </span>
     <span class='ocr_line' id='line_1_9' title="bbox 200 1040 2331 1128; baseline -0 -22"><span class='ocrx_word' id='word_1_76' title='bbox 200 1048 667 1128; x_wconf 66' lang='lat' dir='ltr'><strong>Quo‘exemplo</strong></span> <span class='ocrx_word' id='word_1_77' title='bbox 703 1045 761 1101; x_wconf 88' lang='lat' dir='ltr'><strong>id</strong></span> <span class='ocrx_word' id='word_1_78' title='bbox 795 1040 991 1101; x_wconf 82' lang='lat' dir='ltr'><strong>facis?</strong></span> <span class='ocrx_word' id='word_1_79' title='bbox 1055 1043 1202 1101; x_wconf 89' lang='lat' dir='ltr'><strong>Non</strong></span> <span class='ocrx_word' id='word_1_80' title='bbox 1247 1046 1419 1102; x_wconf 82' lang='lat' dir='ltr'><strong>vides</strong></span> <span class='ocrx_word' id='word_1_81' title='bbox 1466 1056 1668 1115; x_wconf 88' lang='lat' dir='ltr'><strong>certe,</strong></span> <span class='ocrx_word' id='word_1_82' title='bbox 1723 1061 1904 1118; x_wconf 86' lang='lat' dir='ltr'><strong>quam</strong></span> <span class='ocrx_word' id='word_1_83' title='bbox 1956 1048 2331 1119; x_wconf 87' lang='lat' dir='ltr'><strong>periculosas</strong></span> 
     </span>
     <span class='ocr_line' id='line_1_10' title="bbox 202 1134 2337 1216; baseline -0 -21"><span class='ocrx_word' id='word_1_84' title='bbox 202 1140 587 1216; x_wconf 74' lang='lat' dir='ltr'>quaestiones</span> <span class='ocrx_word' id='word_1_85' title='bbox 637 1134 948 1201; x_wconf 82' lang='lat' dir='ltr'><strong>movebis,</strong></span> <span class='ocrx_word' id='word_1_86' title='bbox 1000 1135 1052 1190; x_wconf 91' lang='lat' dir='ltr'><strong>si</strong></span> <span class='ocrx_word' id='word_1_87' title='bbox 1085 1143 1192 1191; x_wconf 88' lang='lat' dir='ltr'><strong>tuo</strong></span> <span class='ocrx_word' id='word_1_88' title='bbox 1227 1151 1414 1192; x_wconf 87' lang='lat' dir='ltr'><strong>sensu</strong></span> <span class='ocrx_word' id='word_1_89' title='bbox 1451 1135 1757 1192; x_wconf 82' lang='lat' dir='ltr'><strong>abundans</strong></span> <span class='ocrx_word' id='word_1_90' title='bbox 1793 1136 2159 1206; x_wconf 85' lang='lat' dir='ltr'><strong>contendes,</strong></span> <span class='ocrx_word' id='word_1_91' title='bbox 2198 1154 2337 1194; x_wconf 85' lang='lat' dir='ltr'><strong>ces.</strong></span> 
     </span>
     <span class='ocr_line' id='line_1_11' title="bbox 205 1224 2336 1307; baseline -0.001 -18"><span class='ocrx_word' id='word_1_92' title='bbox 205 1243 372 1289; x_wconf 81' lang='lat' dir='ltr'><strong>sante</strong></span> <span class='ocrx_word' id='word_1_93' title='bbox 407 1230 645 1285; x_wconf 85' lang='lat' dir='ltr'><strong>actione</strong></span> <span class='ocrx_word' id='word_1_94' title='bbox 680 1242 919 1281; x_wconf 86' lang='lat' dir='ltr'><strong>cessare</strong></span> <span class='ocrx_word' id='word_1_95' title='bbox 970 1234 1426 1281; x_wconf 80' lang='lat' dir='ltr'><strong>sacramentum.</strong></span> <span class='ocrx_word' id='word_1_96' title='bbox 1493 1224 1917 1297; x_wconf 81' lang='lat' dir='ltr'><strong>Zuinglianum</strong></span> <span class='ocrx_word' id='word_1_97' title='bbox 1959 1239 2014 1283; x_wconf 85' lang='lat' dir='ltr'><strong>te</strong></span> <span class='ocrx_word' id='word_1_98' title='bbox 2050 1229 2210 1307; x_wconf 75' lang='lat' dir='ltr'><strong>forte</strong></span> <span class='ocrx_word' id='word_1_99' title='bbox 2244 1229 2336 1286; x_wconf 88' lang='lat' dir='ltr'><strong>vis</strong></span> 
     </span>
     <span class='ocr_line' id='line_1_12' title="bbox 203 1315 2337 1392; baseline -0.002 -12"><span class='ocrx_word' id='word_1_100' title='bbox 203 1323 423 1390; x_wconf 78' lang='lat' dir='ltr'><strong>audiri,</strong></span> <span class='ocrx_word' id='word_1_101' title='bbox 474 1330 535 1376; x_wconf 89' lang='lat' dir='ltr'><strong>et</strong></span> <span class='ocrx_word' id='word_1_102' title='bbox 581 1334 693 1389; x_wconf 88' lang='lat' dir='ltr'><strong>ego</strong></span> <span class='ocrx_word' id='word_1_103' title='bbox 742 1328 801 1373; x_wconf 87' lang='lat' dir='ltr'><strong>te</strong></span> <span class='ocrx_word' id='word_1_104' title='bbox 836 1315 1099 1385; x_wconf 83' lang='lat' dir='ltr'><strong>Zuinglii</strong></span> <span class='ocrx_word' id='word_1_105' title='bbox 1144 1316 1368 1372; x_wconf 77' lang='lat' dir='ltr'><strong>insania</strong></span> <span class='ocrx_word' id='word_1_106' title='bbox 1414 1316 1690 1372; x_wconf 82' lang='lat' dir='ltr'><strong>laborare</strong></span> <span class='ocrx_word' id='word_1_107' title='bbox 1735 1318 2012 1386; x_wconf 87' lang='lat' dir='ltr'><strong>credam,</strong></span> <span class='ocrx_word' id='word_1_108' title='bbox 2062 1320 2164 1392; x_wconf 81' lang='lat' dir='ltr'><strong>qui</strong></span> <span class='ocrx_word' id='word_1_109' title='bbox 2190 1329 2337 1376; x_wconf 86' lang='lat' dir='ltr'><strong>-tam</strong></span> 
     </span>
     <span class='ocr_line' id='line_1_13' title="bbox 202 1407 2338 1487; baseline -0.002 -16"><span class='ocrx_word' id='word_1_110' title='bbox 202 1410 465 1487; x_wconf 85' lang='lat' dir='ltr'><strong>superbe</strong></span> <span class='ocrx_word' id='word_1_111' title='bbox 491 1420 552 1465; x_wconf 87' lang='lat' dir='ltr'><strong>et</strong></span> <span class='ocrx_word' id='word_1_112' title='bbox 579 1408 932 1465; x_wconf 84' lang='lat' dir='ltr'><strong>contemtim</strong></span> <span class='ocrx_word' id='word_1_113' title='bbox 957 1408 1189 1476; x_wconf 88' lang='lat' dir='ltr'><strong>irritas,</strong></span> <span class='ocrx_word' id='word_1_114' title='bbox 1226 1423 1368 1462; x_wconf 89' lang='lat' dir='ltr'><strong>cum</strong></span> <span class='ocrx_word' id='word_1_115' title='bbox 1402 1417 1503 1462; x_wconf 84' lang='lat' dir='ltr'><strong>tua</strong></span> <span class='ocrx_word' id='word_1_116' title='bbox 1538 1407 1632 1464; x_wconf 88' lang='lat' dir='ltr'><strong>illa</strong></span> <span class='ocrx_word' id='word_1_117' title='bbox 1668 1408 1954 1478; x_wconf 78' lang='lat' dir='ltr'><strong>singulari</strong></span> <span class='ocrx_word' id='word_1_118' title='bbox 1987 1420 2048 1466; x_wconf 89' lang='lat' dir='ltr'><strong>et</strong></span> <span class='ocrx_word' id='word_1_119' title='bbox 2075 1408 2338 1482; x_wconf 75' lang='lat' dir='ltr'><strong>gloriosa</strong></span> 
     </span>
     <span class='ocr_line' id='line_1_14' title="bbox 205 1498 2338 1579; baseline 0 -19"><span class='ocrx_word' id='word_1_120' title='bbox 205 1502 508 1576; x_wconf 77' lang='lat' dir='ltr'><strong>sapientia.</strong></span> <span class='ocrx_word' id='word_1_121' title='bbox 579 1499 726 1579; x_wconf 89' lang='lat' dir='ltr'><strong>Non</strong></span> <span class='ocrx_word' id='word_1_122' title='bbox 762 1511 888 1553; x_wconf 87' lang='lat' dir='ltr'><strong>erat</strong></span> <span class='ocrx_word' id='word_1_123' title='bbox 922 1499 1030 1554; x_wconf 89' lang='lat' dir='ltr'><strong>alia</strong></span> <span class='ocrx_word' id='word_1_124' title='bbox 1063 1498 1186 1564; x_wconf 85' lang='lat' dir='ltr'><strong>via,</strong></span> <span class='ocrx_word' id='word_1_125' title='bbox 1231 1506 1297 1552; x_wconf 88' lang='lat' dir='ltr'><strong>ut</strong></span> <span class='ocrx_word' id='word_1_126' title='bbox 1327 1498 1691 1568; x_wconf 77' lang='lat' dir='ltr'><strong>simplicibus</strong></span> <span class='ocrx_word' id='word_1_127' title='bbox 1727 1509 1788 1554; x_wconf 86' lang='lat' dir='ltr'><strong>et</strong></span> <span class='ocrx_word' id='word_1_128' title='bbox 1821 1501 2177 1559; x_wconf 78' lang='lat' dir='ltr'><strong>adversariis</strong></span> <span class='ocrx_word' id='word_1_129' title='bbox 2210 1520 2338 1560; x_wconf 88' lang='lat' dir='ltr'><strong>non</strong></span> 
     </span>
     <span class='ocr_line' id='line_1_15' title="bbox 203 1570 2338 1665; baseline -0.001 -12"><span class='ocrx_word' id='word_1_130' title='bbox 203 1570 443 1653; x_wconf 69' lang='lat' dir='ltr'><strong>darettir</strong></span> <span class='ocrx_word' id='word_1_131' title='bbox 487 1590 804 1664; x_wconf 86' lang='lat' dir='ltr'><strong>suspicio,</strong></span> <span class='ocrx_word' id='word_1_132' title='bbox 845 1600 905 1643; x_wconf 87' lang='lat' dir='ltr'><strong>te</strong></span> <span class='ocrx_word' id='word_1_133' title='bbox 941 1604 1080 1643; x_wconf 86' lang='lat' dir='ltr'><strong>esse</strong></span> <span class='ocrx_word' id='word_1_134' title='bbox 1114 1598 1559 1643; x_wconf 81' lang='lat' dir='ltr'><strong>contemtorem</strong></span> <span class='ocrx_word' id='word_1_135' title='bbox 1597 1589 1988 1656; x_wconf 86' lang='lat' dir='ltr'><strong>sacramenti,</strong></span> <span class='ocrx_word' id='word_1_136' title='bbox 2042 1609 2221 1665; x_wconf 86' lang='lat' dir='ltr'><strong>qnam</strong></span> <span class='ocrx_word' id='word_1_137' title='bbox 2271 1603 2338 1652; x_wconf 83' lang='grc' dir='ltr'><strong>ιιι</strong></span> 
     </span>
     <span class='ocr_line' id='line_1_16' title="bbox 202 1679 2341 1759; baseline -0.002 -15"><span class='ocrx_word' id='word_1_138' title='bbox 202 1689 358 1744; x_wconf 81' lang='lat' dir='ltr'><strong>mala</strong></span> <span class='ocrx_word' id='word_1_139' title='bbox 392 1682 597 1759; x_wconf 83' lang='lat' dir='ltr'><strong>specie</strong></span> <span class='ocrx_word' id='word_1_140' title='bbox 634 1680 1008 1748; x_wconf 36' lang='lat' dir='ltr'><strong>offendere&amp;</strong></span> <span class='ocrx_word' id='word_1_141' title='bbox 1043 1679 1340 1751; x_wconf 82' lang='lat' dir='ltr'><strong>reliquum</strong></span> <span class='ocrx_word' id='word_1_142' title='bbox 1377 1680 1731 1747; x_wconf 78' lang='lat' dir='ltr'><strong>sacramenti</strong></span> <span class='ocrx_word' id='word_1_143' title='bbox 1766 1681 2076 1738; x_wconf 87' lang='lat' dir='ltr'><strong>miscendo</strong></span> <span class='ocrx_word' id='word_1_144' title='bbox 2107 1694 2167 1738; x_wconf 86' lang='lat' dir='ltr'><strong>et</strong></span> <span class='ocrx_word' id='word_1_145' title='bbox 2192 1701 2341 1739; x_wconf 83' lang='lat' dir='ltr'><strong>con.</strong></span> 
     </span>
     <span class='ocr_line' id='line_1_17' title="bbox 202 1769 2340 1840; baseline 0.001 -13"><span class='ocrx_word' id='word_1_146' title='bbox 202 1772 508 1829; x_wconf 78' lang='lat' dir='ltr'><strong>fundendo</strong></span> <span class='ocrx_word' id='word_1_147' title='bbox 543 1787 684 1826; x_wconf 84' lang='lat' dir='ltr'><strong>cum</strong></span> <span class='ocrx_word' id='word_1_148' title='bbox 719 1772 859 1826; x_wconf 81' lang='lat' dir='ltr'><strong>vino</strong></span> <span class='ocrx_word' id='word_1_149' title='bbox 895 1769 1121 1840; x_wconf 80' lang='lat' dir='ltr'><strong>priori?</strong></span> <span class='ocrx_word' id='word_1_150' title='bbox 1185 1769 1312 1825; x_wconf 86' lang='lat' dir='ltr'><strong>Cur</strong></span> <span class='ocrx_word' id='word_1_151' title='bbox 1358 1787 1481 1824; x_wconf 89' lang='lat' dir='ltr'><strong>non</strong></span> <span class='ocrx_word' id='word_1_152' title='bbox 1531 1770 1773 1826; x_wconf 86' lang='lat' dir='ltr'><strong>imitaris</strong></span> <span class='ocrx_word' id='word_1_153' title='bbox 1806 1771 1949 1832; x_wconf 79' lang='lat' dir='ltr'><strong>alias</strong></span> <span class='ocrx_word' id='word_1_154' title='bbox 1983 1772 2340 1834; x_wconf 72' lang='lat' dir='ltr'><strong>Ecclesias?</strong></span> 
     </span>
     <span class='ocr_line' id='line_1_18' title="bbox 206 1860 2405 1935; baseline 0.002 -17"><span class='ocrx_word' id='word_1_155' title='bbox 206 1863 332 1919; x_wconf 90' lang='lat' dir='ltr'><strong>Cur</strong></span> <span class='ocrx_word' id='word_1_156' title='bbox 381 1863 549 1925; x_wconf 86' lang='lat' dir='ltr'><strong>solus</strong></span> <span class='ocrx_word' id='word_1_157' title='bbox 600 1862 691 1918; x_wconf 84' lang='lat' dir='ltr'><strong>vis</strong></span> <span class='ocrx_word' id='word_1_158' title='bbox 742 1876 939 1917; x_wconf 79' lang='lat' dir='ltr'><strong>novus</strong></span> <span class='ocrx_word' id='word_1_159' title='bbox 993 1871 1050 1916; x_wconf 88' lang='lat' dir='ltr'><strong>et</strong></span> <span class='ocrx_word' id='word_1_160' title='bbox 1099 1861 1477 1933; x_wconf 84' lang='lat' dir='ltr'><strong>periculosus</strong></span> <span class='ocrx_word' id='word_1_161' title='bbox 1528 1871 1700 1917; x_wconf 77' lang='lat' dir='ltr'><strong>autor</strong></span> <span class='ocrx_word' id='word_1_162' title='bbox 1747 1860 1994 1918; x_wconf 81' lang='lat' dir='ltr'><strong>haberi?</strong></span> <span class='ocrx_word' id='word_1_163' title='bbox 2060 1864 2223 1920; x_wconf 76' lang='lat' dir='ltr'><strong>Haec</strong></span> <span class='ocrx_word' id='word_1_164' title='bbox 2265 1867 2341 1924; x_wconf 82' lang='lat' dir='ltr'><strong>ita</strong></span> <span class='ocrx_word' id='word_1_165' title='bbox 2400 1926 2405 1935; x_wconf 67' lang='lat'><em>,</em></span> 
     </span>
     <span class='ocr_line' id='line_1_19' title="bbox 211 1940 2399 2023; baseline -0.001 -14"><span class='ocrx_word' id='word_1_166' title='bbox 211 1954 486 2010; x_wconf 76' lang='lat' dir='ltr'><strong>dolenter</strong></span> <span class='ocrx_word' id='word_1_167' title='bbox 519 1953 756 2020; x_wconf 85' lang='lat' dir='ltr'><strong>scribo,</strong></span> <span class='ocrx_word' id='word_1_168' title='bbox 801 1962 867 2006; x_wconf 89' lang='lat' dir='ltr'><strong>ut</strong></span> <span class='ocrx_word' id='word_1_169' title='bbox 911 1952 1067 2008; x_wconf 83' lang='lat' dir='ltr'><strong>scias</strong></span> <span class='ocrx_word' id='word_1_170' title='bbox 1118 1963 1178 2006; x_wconf 87' lang='lat' dir='ltr'><strong>te</strong></span> <span class='ocrx_word' id='word_1_171' title='bbox 1226 1966 1325 2006; x_wconf 88' lang='lat' dir='ltr'><strong>me</strong></span> <span class='ocrx_word' id='word_1_172' title='bbox 1372 1950 1697 2007; x_wconf 81' lang='lat' dir='ltr'><strong>offendisse</strong></span> <span class='ocrx_word' id='word_1_173' title='bbox 1734 1961 1793 2006; x_wconf 88' lang='lat' dir='ltr'><strong>et</strong></span> <span class='ocrx_word' id='word_1_174' title='bbox 1826 1954 2099 2023; x_wconf 84' lang='lat' dir='ltr'><strong>spiritum</strong></span> <span class='ocrx_word' id='word_1_175' title='bbox 2135 1972 2343 2017; x_wconf 80' lang='lat' dir='ltr'><strong>meum</strong></span> <span class='ocrx_word' id='word_1_176' title='bbox 2392 1940 2399 1946; x_wconf 68' lang='grc'><em>’</em></span> 
     </span>
     <span class='ocr_line' id='line_1_20' title="bbox 209 2042 2344 2117; baseline 0.001 -17"><span class='ocrx_word' id='word_1_177' title='bbox 209 2046 620 2110; x_wconf 74' lang='lat' dir='ltr'><strong>contristasse.</strong></span> <span class='ocrx_word' id='word_1_178' title='bbox 689 2042 794 2100; x_wconf 85' lang='lat' dir='ltr'><strong>Tu</strong></span> <span class='ocrx_word' id='word_1_179' title='bbox 828 2043 959 2116; x_wconf 86' lang='lat' dir='ltr'><strong>ipse</strong></span> <span class='ocrx_word' id='word_1_180' title='bbox 995 2042 1181 2111; x_wconf 85' lang='lat' dir='ltr'><strong>diois,</strong></span> <span class='ocrx_word' id='word_1_181' title='bbox 1231 2057 1418 2112; x_wconf 83' lang='lat' dir='ltr'><strong>nugas</strong></span> <span class='ocrx_word' id='word_1_182' title='bbox 1466 2047 1638 2111; x_wconf 71' lang='lat' dir='ltr'><strong>esse,‘</strong></span> <span class='ocrx_word' id='word_1_183' title='bbox 1689 2053 1748 2098; x_wconf 90' lang='lat' dir='ltr'><strong>et</strong></span> <span class='ocrx_word' id='word_1_184' title='bbox 1788 2060 1900 2115; x_wconf 83' lang='lat' dir='ltr'><strong>pro</strong></span> <span class='ocrx_word' id='word_1_185' title='bbox 1937 2045 2107 2117; x_wconf 81' lang='lat' dir='ltr'><strong>nugis</strong></span> <span class='ocrx_word' id='word_1_186' title='bbox 2142 2046 2344 2117; x_wconf 80' lang='lat' dir='ltr'><strong>ita-in.</strong></span> 
     </span>
     <span class='ocr_line' id='line_1_21' title="bbox 208 2121 2343 2215; baseline 0.001 -23"><span class='ocrx_word' id='word_1_187' title='bbox 208 2137 413 2215; x_wconf 75' lang='lat' dir='ltr'><strong>sanis?</strong></span> <span class='ocrx_word' id='word_1_188' title='bbox 486 2137 575 2192; x_wconf 86' lang='lat' dir='ltr'><strong>lta</strong></span> <span class='ocrx_word' id='word_1_189' title='bbox 607 2144 747 2190; x_wconf 86' lang='lat' dir='ltr'><strong>sunt</strong></span> <span class='ocrx_word' id='word_1_190' title='bbox 780 2150 970 2205; x_wconf 81' lang='lat' dir='ltr'><strong>nugae</strong></span> <span class='ocrx_word' id='word_1_191' title='bbox 1003 2135 1252 2190; x_wconf 87' lang='lat' dir='ltr'><strong>nimium</strong></span> <span class='ocrx_word' id='word_1_192' title='bbox 1286 2121 1512 2189; x_wconf 50' lang='lat' dir='ltr'><strong>seriae}</strong></span> <span class='ocrx_word' id='word_1_193' title='bbox 1567 2131 1679 2189; x_wconf 87' lang='lat' dir='ltr'><strong>Sed</strong></span> <span class='ocrx_word' id='word_1_194' title='bbox 1707 2144 1777 2191; x_wconf 81' lang='grc' dir='ltr'><strong>ιιι</strong></span> <span class='ocrx_word' id='word_1_195' title='bbox 1791 2134 1941 2191; x_wconf 83' lang='lat' dir='ltr'><strong>forte</strong></span> <span class='ocrx_word' id='word_1_196' title='bbox 1969 2136 2114 2190; x_wconf 88' lang='lat' dir='ltr'><strong>nihil</strong></span> <span class='ocrx_word' id='word_1_197' title='bbox 2141 2153 2343 2209; x_wconf 67' lang='lat' dir='ltr'><strong>curas,</strong></span> 
     </span>
     <span class='ocr_line' id='line_1_22' title="bbox 211 2224 2341 2312; baseline 0.002 -29"><span class='ocrx_word' id='word_1_198' title='bbox 211 2227 346 2301; x_wconf 78' lang='lat' dir='ltr'><strong>quis</strong></span> <span class='ocrx_word' id='word_1_199' title='bbox 370 2227 732 2304; x_wconf 78' lang='lat' dir='ltr'><strong>offendatur,</strong></span> <span class='ocrx_word' id='word_1_200' title='bbox 763 2227 910 2282; x_wconf 86' lang='lat' dir='ltr'><strong>dum</strong></span> <span class='ocrx_word' id='word_1_201' title='bbox 944 2238 1011 2282; x_wconf 86' lang='lat' dir='ltr'><strong>tu</strong></span> <span class='ocrx_word' id='word_1_202' title='bbox 1044 2225 1260 2281; x_wconf 79' lang='lat' dir='ltr'><strong>evadas</strong></span> <span class='ocrx_word' id='word_1_203' title='bbox 1293 2224 1492 2312; x_wconf 70' lang='lat' dir='ltr'><strong>yictor</strong></span> <span class='ocrx_word' id='word_1_204' title='bbox 1518 2239 1836 2295; x_wconf 84' lang='lat' dir='ltr'><strong>nugarum:</strong></span> <span class='ocrx_word' id='word_1_205' title='bbox 1873 2225 1980 2282; x_wconf 84' lang='lat' dir='ltr'><strong>sed</strong></span> <span class='ocrx_word' id='word_1_206' title='bbox 2005 2226 2341 2302; x_wconf 64' lang='lat' dir='ltr'><strong>Dominus»,</strong></span> 
     </span>
     <span class='ocr_line' id='line_1_23' title="bbox 212 2317 2247 2390; baseline -0 -14"><span class='ocrx_word' id='word_1_207' title='bbox 212 2320 312 2390; x_wconf 80' lang='lat' dir='ltr'><strong>cui</strong></span> <span class='ocrx_word' id='word_1_208' title='bbox 346 2329 410 2376; x_wconf 88' lang='lat' dir='ltr'><strong>tu</strong></span> <span class='ocrx_word' id='word_1_209' title='bbox 444 2319 674 2374; x_wconf 85' lang='lat' dir='ltr'><strong>resistis</strong></span> <span class='ocrx_word' id='word_1_210' title='bbox 696 2360 716 2388; x_wconf 88' lang='lat'><strong>,</strong></span> <span class='ocrx_word' id='word_1_211' title='bbox 750 2318 996 2375; x_wconf 83' lang='lat' dir='ltr'><strong>resistet</strong></span> <span class='ocrx_word' id='word_1_212' title='bbox 1026 2317 1295 2375; x_wconf 82' lang='lat' dir='ltr'><strong>vicissim</strong></span> <span class='ocrx_word' id='word_1_213' title='bbox 1329 2317 1456 2374; x_wconf 89' lang='lat' dir='ltr'><strong>tibi.</strong></span> <span class='ocrx_word' id='word_1_214' title='bbox 2242 2331 2247 2340; x_wconf 84' lang='lat'><strong>·</strong></span> 
     </span>
     <span class='ocr_line' id='line_1_24' title="bbox 346 2407 2346 2486; baseline 0.004 -23"><span class='ocrx_word' id='word_1_215' title='bbox 346 2409 551 2486; x_wconf 76' lang='lat' dir='ltr'><strong>Quare</strong></span> <span class='ocrx_word' id='word_1_216' title='bbox 584 2419 646 2465; x_wconf 83' lang='lat' dir='ltr'><strong>te</strong></span> <span class='ocrx_word' id='word_1_217' title='bbox 678 2408 938 2476; x_wconf 88' lang='lat' dir='ltr'><strong>hortor,</strong></span> <span class='ocrx_word' id='word_1_218' title='bbox 985 2410 1085 2481; x_wconf 88' lang='lat' dir='ltr'><strong>qui</strong></span> <span class='ocrx_word' id='word_1_219' title='bbox 1124 2407 1285 2478; x_wconf 85' lang='lat' dir='ltr'><strong>scis,</strong></span> <span class='ocrx_word' id='word_1_220' title='bbox 1336 2418 1435 2464; x_wconf 83' lang='lat' dir='ltr'><strong>aut</strong></span> <span class='ocrx_word' id='word_1_221' title='bbox 1470 2408 1633 2464; x_wconf 89' lang='lat' dir='ltr'><strong>scire</strong></span> <span class='ocrx_word' id='word_1_222' title='bbox 1668 2407 1887 2478; x_wconf 86' lang='lat' dir='ltr'><strong>debes,</strong></span> <span class='ocrx_word' id='word_1_223' title='bbox 1936 2414 2250 2484; x_wconf 80' lang='lat' dir='ltr'><strong>quomodo</strong></span> <span class='ocrx_word' id='word_1_224' title='bbox 2284 2414 2346 2471; x_wconf 87' lang='lat' dir='ltr'><strong>in</strong></span> 
     </span>
     <span class='ocr_line' id='line_1_25' title="bbox 207 2493 2346 2575; baseline 0 -19"><span class='ocrx_word' id='word_1_225' title='bbox 207 2499 494 2574; x_wconf 71' lang='lat' dir='ltr'><strong>Ecclesia</strong></span> <span class='ocrx_word' id='word_1_226' title='bbox 527 2501 608 2557; x_wconf 89' lang='lat' dir='ltr'><strong>sit</strong></span> <span class='ocrx_word' id='word_1_227' title='bbox 640 2498 1097 2568; x_wconf 84' lang='lat' dir='ltr'><strong>ambulandum,</strong></span> <span class='ocrx_word' id='word_1_228' title='bbox 1143 2508 1207 2553; x_wconf 85' lang='lat' dir='ltr'><strong>ut</strong></span> <span class='ocrx_word' id='word_1_229' title='bbox 1238 2514 1381 2554; x_wconf 87' lang='lat' dir='ltr'><strong>cum</strong></span> <span class='ocrx_word' id='word_1_230' title='bbox 1417 2499 1843 2557; x_wconf 85' lang='lat' dir='ltr'><strong>D.·Friderico</strong></span> <span class='ocrx_word' id='word_1_231' title='bbox 1876 2502 2087 2560; x_wconf 82' lang='lat' dir='ltr'><strong>redeas</strong></span> <span class='ocrx_word' id='word_1_232' title='bbox 2123 2505 2181 2560; x_wconf 92' lang='lat' dir='ltr'><strong>in</strong></span> <span class='ocrx_word' id='word_1_233' title='bbox 2214 2493 2346 2575; x_wconf 76' lang='lat' dir='ltr'><strong>gra-</strong></span> 
     </span>
     <span class='ocr_line' id='line_1_26' title="bbox 208 2581 2350 2663; baseline 0 -16"><span class='ocrx_word' id='word_1_234' title='bbox 208 2595 394 2662; x_wconf 82' lang='lat' dir='ltr'><strong>tiam,</strong></span> <span class='ocrx_word' id='word_1_235' title='bbox 447 2600 507 2646; x_wconf 90' lang='lat' dir='ltr'><strong>et</strong></span> <span class='ocrx_word' id='word_1_236' title='bbox 537 2607 660 2646; x_wconf 88' lang='lat' dir='ltr'><strong>uno</strong></span> <span class='ocrx_word' id='word_1_237' title='bbox 694 2591 880 2646; x_wconf 89' lang='lat' dir='ltr'><strong>corde</strong></span> <span class='ocrx_word' id='word_1_238' title='bbox 916 2590 1075 2645; x_wconf 82' lang='lat' dir='ltr'><strong>idem</strong></span> <span class='ocrx_word' id='word_1_239' title='bbox 1112 2589 1390 2663; x_wconf 83' lang='lat' dir='ltr'><strong>sapiatis,</strong></span> <span class='ocrx_word' id='word_1_240' title='bbox 1433 2605 1557 2643; x_wconf 85' lang='lat' dir='ltr'><strong>uno</strong></span> <span class='ocrx_word' id='word_1_241' title='bbox 1592 2604 1699 2645; x_wconf 90' lang='lat' dir='ltr'><strong>ore</strong></span> <span class='ocrx_word' id='word_1_242' title='bbox 1734 2581 1943 2649; x_wconf 81' lang='lat' dir='ltr'><strong>dicatis</strong></span> <span class='ocrx_word' id='word_1_243' title='bbox 1978 2589 2156 2649; x_wconf 80' lang='lat' dir='ltr'><strong>idem.</strong></span> <span class='ocrx_word' id='word_1_244' title='bbox 2222 2596 2350 2652; x_wconf 61' lang='lat'>1²02.</span> 
     </span>
     <span class='ocr_line' id='line_1_27' title="bbox 207 2678 2350 2752; baseline 0.001 -15"><span class='ocrx_word' id='word_1_245' title='bbox 207 2683 361 2752; x_wconf 68' lang='lat' dir='ltr'><strong>teris</strong></span> <span class='ocrx_word' id='word_1_246' title='bbox 395 2682 553 2737; x_wconf 87' lang='lat' dir='ltr'><strong>enim</strong></span> <span class='ocrx_word' id='word_1_247' title='bbox 587 2682 702 2751; x_wconf 65' lang='lat' dir='ltr'><strong>ita‘,</strong></span> <span class='ocrx_word' id='word_1_248' title='bbox 754 2690 820 2735; x_wconf 84' lang='lat' dir='ltr'><strong>ut</strong></span> <span class='ocrx_word' id='word_1_249' title='bbox 852 2695 968 2736; x_wconf 87' lang='lat' dir='ltr'><strong>nos</strong></span> <span class='ocrx_word' id='word_1_250' title='bbox 1002 2679 1104 2734; x_wconf 86' lang='lat' dir='ltr'><strong>hic</strong></span> <span class='ocrx_word' id='word_1_251' title='bbox 1138 2678 1435 2749; x_wconf 76' lang='lat' dir='ltr'><strong>facimus,</strong></span> <span class='ocrx_word' id='word_1_252' title='bbox 1481 2679 1775 2751; x_wconf 86' lang='lat' dir='ltr'><strong>reliquum</strong></span> <span class='ocrx_word' id='word_1_253' title='bbox 1814 2684 2171 2741; x_wconf 79' lang='lat' dir='ltr'><strong>sacramenti</strong></span> <span class='ocrx_word' id='word_1_254' title='bbox 2206 2691 2350 2740; x_wconf 76' lang='lat' dir='ltr'><strong>cum</strong></span> 
     </span>
     <span class='ocr_line' id='line_1_28' title="bbox 208 2770 2343 2848; baseline 0.002 -20"><span class='ocrx_word' id='word_1_255' title='bbox 208 2771 803 2848; x_wconf 63' lang='lat' dir='ltr'><strong>communicantibus</strong></span> <span class='ocrx_word' id='word_1_256' title='bbox 856 2770 1099 2826; x_wconf 87' lang='lat' dir='ltr'><strong>ebibere</strong></span> <span class='ocrx_word' id='word_1_257' title='bbox 1152 2780 1213 2826; x_wconf 89' lang='lat' dir='ltr'><strong>et</strong></span> <span class='ocrx_word' id='word_1_258' title='bbox 1264 2771 1623 2838; x_wconf 85' lang='lat' dir='ltr'><strong>comedere,</strong></span> <span class='ocrx_word' id='word_1_259' title='bbox 1677 2781 1741 2824; x_wconf 89' lang='lat' dir='ltr'><strong>ut</strong></span> <span class='ocrx_word' id='word_1_260' title='bbox 1787 2788 1914 2826; x_wconf 89' lang='lat' dir='ltr'><strong>non</strong></span> <span class='ocrx_word' id='word_1_261' title='bbox 1945 2775 2019 2827; x_wconf 87' lang='lat' dir='ltr'><strong>sit</strong></span> <span class='ocrx_word' id='word_1_262' title='bbox 2053 2779 2343 2846; x_wconf 76' lang='lat' dir='ltr'><strong>necesse,</strong></span> 
     </span>
     <span class='ocr_line' id='line_1_29' title="bbox 169 2861 2350 2945; baseline 0 -30"><span class='ocrx_word' id='word_1_263' title='bbox 169 2865 593 2945; x_wconf 64' lang='grc' dir='ltr'>’,ψμεοιίοιιοε</span> <span class='ocrx_word' id='word_1_264' title='bbox 645 2864 790 2918; x_wconf 81' lang='lat' dir='ltr'><strong>istas</strong></span> <span class='ocrx_word' id='word_1_265' title='bbox 840 2862 1218 2917; x_wconf 81' lang='lat' dir='ltr'><strong>scandalosas</strong></span> <span class='ocrx_word' id='word_1_266' title='bbox 1267 2873 1329 2916; x_wconf 87' lang='lat' dir='ltr'><strong>et</strong></span> <span class='ocrx_word' id='word_1_267' title='bbox 1373 2861 1746 2934; x_wconf 81' lang='lat' dir='ltr'><strong>periculosas</strong></span> <span class='ocrx_word' id='word_1_268' title='bbox 1777 2865 2014 2918; x_wconf 85' lang='lat' dir='ltr'><strong>moveri</strong></span> <span class='ocrx_word' id='word_1_269' title='bbox 2045 2864 2117 2918; x_wconf 90' lang='lat' dir='ltr'><strong>de</strong></span> <span class='ocrx_word' id='word_1_270' title='bbox 2152 2879 2350 2921; x_wconf 80' lang='lat' dir='ltr'><strong>cessa-</strong></span> 
     </span>
     <span class='ocr_line' id='line_1_30' title="bbox 213 2951 2350 3025; baseline 0.001 -16"><span class='ocrx_word' id='word_1_271' title='bbox 213 2957 379 3009; x_wconf 84' lang='lat' dir='ltr'><strong>tione</strong></span> <span class='ocrx_word' id='word_1_272' title='bbox 421 2954 679 3008; x_wconf 81' lang='lat' dir='ltr'><strong>actionis</strong></span> <span class='ocrx_word' id='word_1_273' title='bbox 721 2952 1210 3019; x_wconf 80' lang='lat' dir='ltr'><strong>sacramentalis,</strong></span> <span class='ocrx_word' id='word_1_274' title='bbox 1262 2952 1321 3006; x_wconf 89' lang='lat' dir='ltr'><strong>in</strong></span> <span class='ocrx_word' id='word_1_275' title='bbox 1376 2951 1593 3025; x_wconf 87' lang='lat' dir='ltr'><strong>quibus</strong></span> <span class='ocrx_word' id='word_1_276' title='bbox 1640 2961 1707 3008; x_wconf 86' lang='lat' dir='ltr'><strong>tu</strong></span> <span class='ocrx_word' id='word_1_277' title='bbox 1760 2952 2183 3025; x_wconf 83' lang='lat' dir='ltr'><strong>suffocaberis,</strong></span> <span class='ocrx_word' id='word_1_278' title='bbox 2234 2956 2350 3012; x_wconf 86' lang='lat' dir='ltr'><strong>nisi</strong></span> 
     </span>
     <span class='ocr_line' id='line_1_31' title="bbox 213 3027 2347 3115; baseline 0.002 -16"><span class='ocrx_word' id='word_1_279' title='bbox 213 3027 555 3115; x_wconf 58' lang='lat' dir='ltr'><strong>re&#39;sissscaS.</strong></span> <span class='ocrx_word' id='word_1_280' title='bbox 621 3042 782 3099; x_wconf 80' lang='lat' dir='ltr'><strong>Nam</strong></span> <span class='ocrx_word' id='word_1_281' title='bbox 831 3043 955 3097; x_wconf 87' lang='lat' dir='ltr'><strong>hoc</strong></span> <span class='ocrx_word' id='word_1_282' title='bbox 1009 3053 1362 3111; x_wconf 81' lang='lat' dir='ltr'><strong>argumento</strong></span> <span class='ocrx_word' id='word_1_283' title='bbox 1416 3043 1592 3098; x_wconf 88' lang='lat' dir='ltr'><strong>tolles</strong></span> <span class='ocrx_word' id='word_1_284' title='bbox 1637 3052 1831 3098; x_wconf 89' lang='lat' dir='ltr'><strong>totum</strong></span> <span class='ocrx_word' id='word_1_285' title='bbox 1869 3051 2347 3115; x_wconf 77' lang='lat' dir='ltr'><strong>sacramentum,</strong></span> 
     </span>
     <span class='ocr_line' id='line_1_32' title="bbox 214 3131 2352 3208; baseline -0 -17"><span class='ocrx_word' id='word_1_286' title='bbox 214 3150 332 3191; x_wconf 89' lang='lat' dir='ltr'><strong>nec</strong></span> <span class='ocrx_word' id='word_1_287' title='bbox 357 3134 582 3204; x_wconf 83' lang='lat' dir='ltr'><strong>habes,</strong></span> <span class='ocrx_word' id='word_1_288' title='bbox 618 3133 783 3206; x_wconf 87' lang='lat' dir='ltr'><strong>quod</strong></span> <span class='ocrx_word' id='word_1_289' title='bbox 811 3132 1179 3206; x_wconf 77' lang='lat' dir='ltr'><strong>respondeas</strong></span> <span class='ocrx_word' id='word_1_290' title='bbox 1205 3131 1773 3200; x_wconf 77' lang='lat' dir='ltr'><strong>calumniatoribus,</strong></span> <span class='ocrx_word' id='word_1_291' title='bbox 1805 3134 1905 3208; x_wconf 88' lang='lat' dir='ltr'><strong>qui</strong></span> <span class='ocrx_word' id='word_1_292' title='bbox 1932 3133 2167 3201; x_wconf 87' lang='lat' dir='ltr'><strong>dicent,</strong></span> <span class='ocrx_word' id='word_1_293' title='bbox 2200 3137 2352 3190; x_wconf 76' lang='lat' dir='ltr'><strong>inter</strong></span> 
     </span>
     <span class='ocr_line' id='line_1_33' title="bbox 219 3225 2353 3296; baseline 0.002 -16"><span class='ocrx_word' id='word_1_294' title='bbox 219 3225 511 3295; x_wconf 84' lang='lat' dir='ltr'><strong>agendum</strong></span> <span class='ocrx_word' id='word_1_295' title='bbox 548 3225 685 3296; x_wconf 83' lang='lat' dir='ltr'><strong>plus</strong></span> <span class='ocrx_word' id='word_1_296' title='bbox 720 3234 917 3280; x_wconf 86' lang='lat' dir='ltr'><strong>cessat</strong></span> <span class='ocrx_word' id='word_1_297' title='bbox 943 3231 1384 3279; x_wconf 86' lang='lat' dir='ltr'><strong>sacramentum</strong></span> <span class='ocrx_word' id='word_1_298' title='bbox 1405 3261 1423 3289; x_wconf 88' lang='lat'>,</span> <span class='ocrx_word' id='word_1_299' title='bbox 1458 3239 1638 3294; x_wconf 88' lang='lat' dir='ltr'><strong>quam</strong></span> <span class='ocrx_word' id='word_1_300' title='bbox 1665 3235 2005 3279; x_wconf 82' lang='lat' dir='ltr'><strong>exercetur.</strong></span> <span class='ocrx_word' id='word_1_301' title='bbox 2072 3226 2353 3284; x_wconf 86' lang='lat' dir='ltr'><strong>Tandem</strong></span> 
     </span>
     <span class='ocr_line' id='line_1_34' title="bbox 216 3307 2415 3390; baseline 0.002 -19"><span class='ocrx_word' id='word_1_302' title='bbox 216 3316 606 3390; x_wconf 79' lang='lat' dir='ltr'><strong>deveniemus</strong></span> <span class='ocrx_word' id='word_1_303' title='bbox 654 3315 726 3369; x_wconf 88' lang='lat' dir='ltr'><strong>ad</strong></span> <span class='ocrx_word' id='word_1_304' title='bbox 773 3312 995 3384; x_wconf 81' lang='lat' dir='ltr'><strong>Cratyli</strong></span> <span class='ocrx_word' id='word_1_305' title='bbox 1043 3326 1343 3385; x_wconf 84' lang='lat' dir='ltr'><strong>portenta,</strong></span> <span class='ocrx_word' id='word_1_306' title='bbox 1398 3324 1466 3368; x_wconf 89' lang='lat' dir='ltr'><strong>ut</strong></span> <span class='ocrx_word' id='word_1_307' title='bbox 1513 3330 1800 3384; x_wconf 83' lang='lat' dir='ltr'><strong>cogamur</strong></span> <span class='ocrx_word' id='word_1_308' title='bbox 1846 3315 2074 3374; x_wconf 83' lang='lat' dir='ltr'><strong>actione</strong></span> <span class='ocrx_word' id='word_1_309' title='bbox 2123 3307 2354 3376; x_wconf 80' lang='lat' dir='ltr'><strong>tantum</strong></span> <span class='ocrx_word' id='word_1_310' title='bbox 2412 3361 2415 3364; x_wconf 20' lang='grc' dir='ltr'><strong>Α</strong></span> 
     </span>
     <span class='ocr_line' id='line_1_35' title="bbox 216 3402 2356 3481; baseline 0 -20"><span class='ocrx_word' id='word_1_311' title='bbox 216 3405 443 3478; x_wconf 81' lang='lat' dir='ltr'><strong>habere</strong></span> <span class='ocrx_word' id='word_1_312' title='bbox 477 3413 957 3473; x_wconf 81' lang='lat' dir='ltr'><strong>sacramentum,</strong></span> <span class='ocrx_word' id='word_1_313' title='bbox 1002 3420 1123 3458; x_wconf 90' lang='lat' dir='ltr'><strong>non</strong></span> <span class='ocrx_word' id='word_1_314' title='bbox 1174 3402 1615 3458; x_wconf 84' lang='lat' dir='ltr'><strong>intermissione</strong></span> <span class='ocrx_word' id='word_1_315' title='bbox 1655 3405 2045 3460; x_wconf 77' lang='lat' dir='ltr'><strong>accidentium</strong></span> <span class='ocrx_word' id='word_1_316' title='bbox 2069 3446 2087 3474; x_wconf 89' lang='lat'>‚</span> <span class='ocrx_word' id='word_1_317' title='bbox 2134 3417 2195 3461; x_wconf 89' lang='lat' dir='ltr'><strong>et</strong></span> <span class='ocrx_word' id='word_1_318' title='bbox 2228 3407 2356 3481; x_wconf 61' lang='lat' dir='ltr'><strong>&#39;gan-</strong></span> 
     </span>
     <span class='ocr_line' id='line_1_36' title="bbox 221 3495 2357 3569; baseline 0.004 -22"><span class='ocrx_word' id='word_1_319' title='bbox 221 3498 359 3554; x_wconf 76' lang='lat' dir='ltr'><strong>dem</strong></span> <span class='ocrx_word' id='word_1_320' title='bbox 395 3495 508 3550; x_wconf 87' lang='lat' dir='ltr'><strong>erit</strong></span> <span class='ocrx_word' id='word_1_321' title='bbox 540 3505 780 3569; x_wconf 83' lang='lat' dir='ltr'><strong>tempus</strong></span> <span class='ocrx_word' id='word_1_322' title='bbox 815 3504 874 3550; x_wconf 87' lang='lat' dir='ltr'><strong>et</strong></span> <span class='ocrx_word' id='word_1_323' title='bbox 904 3508 1281 3550; x_wconf 84' lang='lat' dir='ltr'><strong>momentum</strong></span> <span class='ocrx_word' id='word_1_324' title='bbox 1314 3496 1671 3549; x_wconf 83' lang='lat' dir='ltr'><strong>sacramenti</strong></span> <span class='ocrx_word' id='word_1_325' title='bbox 1706 3511 1918 3562; x_wconf 82' lang='lat' dir='ltr'><strong>causa,</strong></span> <span class='ocrx_word' id='word_1_326' title='bbox 1953 3505 2013 3551; x_wconf 91' lang='lat' dir='ltr'><strong>et</strong></span> <span class='ocrx_word' id='word_1_327' title='bbox 2036 3497 2146 3553; x_wconf 84' lang='lat' dir='ltr'><strong>alia</strong></span> <span class='ocrx_word' id='word_1_328' title='bbox 2169 3501 2357 3555; x_wconf 78' lang='lat' dir='ltr'><strong>multa</strong></span> 
     </span>
     <span class='ocr_line' id='line_1_37' title="bbox 223 3584 2355 3658; baseline 0.004 -19"><span class='ocrx_word' id='word_1_329' title='bbox 223 3585 478 3640; x_wconf 77' lang='lat' dir='ltr'><strong>absurda</strong></span> <span class='ocrx_word' id='word_1_330' title='bbox 513 3596 861 3658; x_wconf 86' lang='lat' dir='ltr'><strong>sequentur.</strong></span> <span class='ocrx_word' id='word_1_331' title='bbox 931 3584 1137 3658; x_wconf 78' lang='lat' dir='ltr'><strong>Quare</strong></span> <span class='ocrx_word' id='word_1_332' title='bbox 1171 3596 1305 3640; x_wconf 85' lang='lat' dir='ltr'><strong>esto</strong></span> <span class='ocrx_word' id='word_1_333' title='bbox 1341 3584 1677 3640; x_wconf 82' lang='lat' dir='ltr'><strong>conformis</strong></span> <span class='ocrx_word' id='word_1_334' title='bbox 1714 3585 1841 3640; x_wconf 84' lang='lat' dir='ltr'><strong>aliis</strong></span> <span class='ocrx_word' id='word_1_335' title='bbox 1877 3585 2201 3658; x_wconf 71' lang='lat' dir='ltr'><strong>Ecclesiis,</strong></span> <span class='ocrx_word' id='word_1_336' title='bbox 2238 3607 2355 3647; x_wconf 86' lang='lat' dir='ltr'><strong>nec</strong></span> 
     </span>
     <span class='ocr_line' id='line_1_38' title="bbox 222 3671 2407 3747; baseline 0.002 -16"><span class='ocrx_word' id='word_1_337' title='bbox 222 3674 338 3731; x_wconf 80' lang='lat' dir='ltr'><strong>illis</strong></span> <span class='ocrx_word' id='word_1_338' title='bbox 373 3674 610 3729; x_wconf 79' lang='lat' dir='ltr'><strong>bellum&#39;</strong></span> <span class='ocrx_word' id='word_1_339' title='bbox 633 3676 880 3740; x_wconf 80' lang='lat' dir='ltr'><strong>inferto,</strong></span> <span class='ocrx_word' id='word_1_340' title='bbox 912 3671 998 3729; x_wconf 62' lang='lat' dir='ltr'><strong>&#39;ne</strong></span> <span class='ocrx_word' id='word_1_341' title='bbox 1033 3674 1399 3738; x_wconf 83' lang='lat' dir='ltr'><strong>succumbas</strong></span> <span class='ocrx_word' id='word_1_342' title='bbox 1436 3690 1575 3730; x_wconf 86' lang='lat' dir='ltr'><strong>cum</strong></span> <span class='ocrx_word' id='word_1_343' title='bbox 1609 3676 1946 3744; x_wconf 83' lang='lat' dir='ltr'><strong>ignominia.</strong></span> <span class='ocrx_word' id='word_1_344' title='bbox 2014 3677 2150 3747; x_wconf 81' lang='lat' dir='ltr'><strong>Ego</strong></span> <span class='ocrx_word' id='word_1_345' title='bbox 2187 3690 2354 3736; x_wconf 82' lang='lat' dir='ltr'><strong>certe</strong></span> <span class='ocrx_word' id='word_1_346' title='bbox 2392 3727 2407 3736; x_wconf 30' lang='grc' dir='ltr'><em>κ</em></span> 
     </span>
     <span class='ocr_line' id='line_1_39' title="bbox 216 3753 2357 3838; baseline 0.003 -18"><span class='ocrx_word' id='word_1_347' title='bbox 216 3782 334 3838; x_wconf 81' lang='lat' dir='ltr'><strong>pro</strong></span> <span class='ocrx_word' id='word_1_348' title='bbox 372 3767 520 3821; x_wconf 88' lang='lat' dir='ltr'><strong>meis</strong></span> <span class='ocrx_word' id='word_1_349' title='bbox 554 3762 782 3819; x_wconf 87' lang='lat' dir='ltr'><strong>viribus</strong></span> <span class='ocrx_word' id='word_1_350' title='bbox 805 3755 952 3818; x_wconf 66' lang='lat' dir='ltr'><strong>&#39;&#39;tuae</strong></span> <span class='ocrx_word' id='word_1_351' title='bbox 987 3753 1366 3833; x_wconf 74' lang='lat' dir='ltr'><strong>singularitati</strong></span> <span class='ocrx_word' id='word_1_352' title='bbox 1403 3778 1464 3820; x_wconf 90' lang='lat' dir='ltr'><strong>et</strong></span> <span class='ocrx_word' id='word_1_353' title='bbox 1497 3765 1815 3819; x_wconf 83' lang='lat' dir='ltr'><strong>temeritati</strong></span> <span class='ocrx_word' id='word_1_354' title='bbox 1863 3769 2245 3834; x_wconf 71' lang='lat' dir='ltr'><strong>scandalosae</strong></span> <span class='ocrx_word' id='word_1_355' title='bbox 2294 3780 2357 3828; x_wconf 89' lang='lat' dir='ltr'><strong>et</strong></span> 
     </span>
     <span class='ocr_line' id='line_1_40' title="bbox 167 3850 2356 3928; baseline 0.005 -24"><span class='ocrx_word' id='word_1_356' title='bbox 167 3900 172 3904; x_wconf 78' lang='lat'>.</span> <span class='ocrx_word' id='word_1_357' title='bbox 219 3854 550 3911; x_wconf 75' lang='lat' dir='ltr'><strong>offensivae</strong></span> <span class='ocrx_word' id='word_1_358' title='bbox 588 3850 981 3920; x_wconf 82' lang='lat' dir='ltr'><strong>adversabor,</strong></span> <span class='ocrx_word' id='word_1_359' title='bbox 1018 3871 1132 3909; x_wconf 86' lang='lat' dir='ltr'><strong>nec</strong></span> <span class='ocrx_word' id='word_1_360' title='bbox 1169 3855 1437 3910; x_wconf 88' lang='lat' dir='ltr'><strong>ultimam</strong></span> <span class='ocrx_word' id='word_1_361' title='bbox 1462 3854 1673 3910; x_wconf 83' lang='lat' dir='ltr'><strong>horam</strong></span> <span class='ocrx_word' id='word_1_362' title='bbox 1700 3871 1893 3928; x_wconf 86' lang='lat' dir='ltr'><strong>meam</strong></span> <span class='ocrx_word' id='word_1_363' title='bbox 1918 3858 2036 3913; x_wconf 84' lang='lat' dir='ltr'><strong>tuis</strong></span> <span class='ocrx_word' id='word_1_364' title='bbox 2061 3861 2356 3915; x_wconf 81' lang='lat' dir='ltr'><strong>scandalis</strong></span> 
     </span>
     <span class='ocr_line' id='line_1_41' title="bbox 218 3942 2416 4021; baseline 0.003 -19"><span class='ocrx_word' id='word_1_365' title='bbox 218 3946 456 4002; x_wconf 81' lang='lat' dir='ltr'><strong>onerari</strong></span> <span class='ocrx_word' id='word_1_366' title='bbox 493 3946 705 4002; x_wconf 82' lang='lat' dir='ltr'><strong>sinam.</strong></span> <span class='ocrx_word' id='word_1_367' title='bbox 774 3942 918 3999; x_wconf 83' lang='lat' dir='ltr'><strong>Vale</strong></span> <span class='ocrx_word' id='word_1_368' title='bbox 954 3945 1014 3999; x_wconf 89' lang='lat' dir='ltr'><strong>in</strong></span> <span class='ocrx_word' id='word_1_369' title='bbox 1047 3945 1320 4001; x_wconf 88' lang='lat' dir='ltr'><strong>Domino</strong></span> <span class='ocrx_word' id='word_1_370' title='bbox 1327 3986 1355 4021; x_wconf 61' lang='lat'><em>,</em></span> <span class='ocrx_word' id='word_1_371' title='bbox 1392 3946 1449 4000; x_wconf 87' lang='lat' dir='ltr'><strong>in</strong></span> <span class='ocrx_word' id='word_1_372' title='bbox 1474 3945 1747 4002; x_wconf 84' lang='lat' dir='ltr'><strong>Domino</strong></span> <span class='ocrx_word' id='word_1_373' title='bbox 1783 3945 2022 4020; x_wconf 81' lang='lat' dir='ltr'><strong>inquam</strong></span> <span class='ocrx_word' id='word_1_374' title='bbox 2044 3990 2062 4016; x_wconf 85' lang='lat'><em>,</em></span> <span class='ocrx_word' id='word_1_375' title='bbox 2092 3947 2158 4008; x_wconf 65' lang='lat' dir='ltr'><strong>&#39;et</strong></span> <span class='ocrx_word' id='word_1_376' title='bbox 2182 3951 2355 4020; x_wconf 72' lang='lat' dir='ltr'><strong>istam</strong></span> <span class='ocrx_word' id='word_1_377' title='bbox 2410 3951 2416 3958; x_wconf 86' lang='lat'>&#39;</span> 
     </span>
    </p>
   </div>
  </div>
 </body>
</html>
