2848 4595
487 251 607 323 266
1274 270 1280 277 '
1464 253 1649 324 1540.

483 430 648 473 rare:
707 417 782 468 Si
825 414 972 490 quis
1013 413 1205 471 aliud
1243 402 1683 488 Evanqelium
1725 414 2054 487 docuerit,
2112 414 2487 471 anathema·
2517 416 2620 472 sit.

481 505 544 562 N
551 525 621 558 ec
656 507 736 559 illi
771 517 1009 561 nostras
1034 504 1347 576 Ecclesias
1385 506 1686 573 ornaturi,
1721 505 1830 562 sed
1857 508 2139 563 vastaturi
2170 508 2370 580 potius
2396 520 2620 564 essent.

481 592 597 664 Sed
632 595 680 650 si
715 596 815 667 qni
850 608 1057 653 essent
1088 596 1420 668 Episcopi,
1471 597 1577 669 qni
1627 606 1693 651 ut
1727 597 1896 653 Raab
1926 612 2287 654 vererentur
2325 599 2620 671 judicium

477 685 636 754 Dei,
673 696 732 742 ct
765 686 1065 759 respicere
1089 687 1342 741 miseras
1367 686 1683 742 Ecclesiae
1708 703 1776 741 ac
1798 688 2045 758 patriam
2064 729 2084 761 ,
2120 691 2396 762 amplecti
2423 689 2624 746 Evan-

480 778 699 851 gelium
735 768 987 850 prepter
1015 778 1263 849 gloriam
1298 777 1521 834 Christi
1573 789 1635 834 et
1684 795 1862 833 suum
1908 779 2168 835 officium
2216 793 2382 837 recte
2423 783 2621 837 facere

477 868 737 925 vellent:
771 884 914 922 cum
945 867 1044 923 his
1079 866 1154 923 de
1188 867 1530 940 adiaphoris
1568 868 1739 923 facile
1784 870 1940 945 foret
1966 873 2329 940 convenire,
2364 885 2431 928 ut
2456 890 2618 929 nunc

478 975 726 1034 quoque
753 958 1265 1015 dissimilitudines
1290 959 1350 1013 in
1377 958 1589 1013 ritibus
1614 958 1955 1031 adiaphoris
1983 962 2205 1032 passim
2229 961 2371 1018 boni
2399 979 2621 1019 consu..

474 1051 688 1118 limus,
719 1050 907 1106 modo
940 1060 1009 1105 ut
1041 1048 1199 1106 absit
1232 1048 1539 1121 impietas,
1574 1059 1636 1104 et
1671 1051 1996 1105 retineatur
2031 1052 2341 1107 doctrinae
2376 1056 2620 1125 puritas,

608 1140 977 1198 Meministis
1010 1140 1191 1195 Attali
1215 1138 1572 1210 Pergameni
1605 1139 1940 1195 historiam.
2002 1137 2158 1196 Cum
2195 1143 2490 1216 quispiam
2520 1147 2621 1200 Al-

475 1232 743 1290 cibiades
779 1229 1042 1302 quodam
1076 1229 1421 1285 inconsulto
1458 1229 1656 1283 studio
1691 1205 1921 1301 pietatis
1962 1247 2185 1285 novam
2220 1242 2305 1286 et
2312 1235 2619 1290 duriorem

476 1324 676 1377 victus
712 1321 1002 1382 rationem
1039 1318 1153 1373 sibi
1188 1318 1666 1390 praescriberet,
1703 1330 1772 1373 ac
1810 1319 2087 1390 quotidie
2111 1330 2336 1376 tautum
2371 1341 2522 1394 pane
2559 1335 2622 1381 et

450 1416 598 1469 'sale
636 1421 1018 1474 vesceretur,
1070 1420 1134 1464 et
1177 1408 1508 1481 pauxillum
1555 1425 1741 1480 aquae
1781 1407 2053 1479 biberet,
2111 1413 2343 1467 Attalus
2380 1414 2623 1488 Mat-tyr

476 1507 703 1560 missus
740 1501 810 1554 in-
835 1516 1143 1556 carcerem
1179 1499 1497 1566 divinitus,
1540 1500 1753 1569 jussus
1803 1509 1897 1554 est
1931 1501 2226 1559 Alcibiadi
2266 1504 2503 1575 dicere,
2557 1519 2622 1564 ut

477 1592 905 1649 communibus
942 1591 1095 1645 cibis
1133 1604 1429 1644 vescatur.
1498 1588 1576 1645 Et
1612 1590 1760 1644 ratio
1795 1590 2188 1663 adjecta‘est,
2224 1612 2299 1648 ne
2332 1597 2619 1654 scandalo

438 1721 444 1729 =
477 1685 553 1738 sit
587 1682 903 1750 fratribus,
936 1682 1063 1757 «hoc
1089 1691 1219 1747 est,
1252 1698 1328 1736 ne
1364 1681 1457 1735 alii
1495 1682 1776 1736 rudiores
1813 1683 2170 1739 admirantes
2206 1684 2362 1739 hanc
2397 1701 2616 1741 novam

476 1785 540 1829 et
569 1774 994 1847 *prodigiosam
1037 1772 1538 1838 consuetudinem
1559 1811 1579 1840 ,
1632 1771 1996 1827 arbritentur
2030 1774 2160 1828 talia
2195 1791 2381 1846 opera
2416 1776 2616 1832 cultus

476 1878 648 1931 esse,
684 1873 744 1919 et
778 1862 1210 1919 obliviscantur
1242 1861 1579 1917 doctrinam
1617 1863 1689 1916 de
1725 1863 1886 1929 veris
1921 1863 2201 1919 cultibus.

611 1955 953 2011 Laudamus
985 1953 1160 2022 igitur
1190 1962 1248 2005 et
1280 1968 1395 2007 nos
1431 1967 1574 2020 eos,
1627 1953 1731 2024 qui
1785 1953 1963 2007 etiam
2010 1954 2066 2008 in
2103 1954 2440 2027 adiaphoris
2475 1955 2619 2015 abo-

475 2048 600 2103 lent
634 2047 783 2102 ritus
820 2045 1086 2115 ineptos,
1138 2052 1206 2098 ut
1242 2041 1516 2114 jejunia,
1566 2059 1719 2115 quae
1769 2044 1986 2116 aliquid
2030 2047 2253 2101 erroris
2304 2046 2622 2102 offundunt

475 2137 784 2210 imperitis.
852 2133 969 2190 Sed
1002 2143 1201 2188 tamen
1237 2133 1310 2188 de
1344 2144 1467 2188 tota
1492 2134 1690 2188 forma
1713 2134 1957 2207 politiae
1981 2136 2435 2192 ecclesiasticae
2463 2138 2620 2193 inter

479 2229 612 2299 pios
660 2238 805 2282 tunc
857 2223 1305 2281 deliberandum
1342 2225 1489 2292 erit,
1540 2225 1590 2281 si
1649 2225 1750 2295 qui
1803 2235 1981 2280 erunt
2031 2227 2133 2297 qui
2182 2227 2620 2299 amplectentur

476 2317 895 2389 Evangelium.
968 2316 1131 2379 Nam
1182 2325 1244 2371 et
1293 2316 1483 2370 forma
1535 2314 1926 2371 ordinationis
1972 2318 2325 2387 corrigenda
2376 2331 2503 2385 est,
2556 2331 2619 2374 et

478 2410 725 2465 tollendi
760 2420 1027 2466 canones
1063 2418 1123 2463 et
1159 2407 1441 2478 digamia,
1481 2416 1544 2462 et
1583 2407 1985 2462 emendandae
2020 2417 2192 2463 erunt
2222 2410 2385 2479 leges
2421 2411 2618 2482 ponti.

475 2499 644 2555 ficiae
679 2500 752 2554 de
788 2498 1082 2555 divortiis.
1150 2497 1251 2554 Ne
1300 2507 1557 2570 possunt
1605 2497 1850 2569 quidem
1903 2498 2200 2554 durabiles
2239 2516 2377 2555 esse
2415 2501 2613 2571 leges,

475 2605 630 2664 quae
663 2606 787 2646 nou
820 2599 959 2645 sunt
987 2588 1270 2645 divinitus
1305 2591 1572 2650 traditae.
1641 2587 2139 2643 Hortandtetiam
2175 2583 2349 2644 erunt
2384 2590 2499 2659 illi,
2530 2600 2617 2646 ,ut

472 2681 851 2736 ceremonias
897 2678 1219 2736 theatricas
1266 2690 1329 2736 et
1373 2679 1640 2749 indignas
1692 2678 2010 2734 christiana
2047 2681 2333 2748 gravitate
2367 2681 2612 2750 tollant,
2660 2662 2672 2672 ’

474 2771 651 2825 etiam
689 2771 1020 2843 exemplis,
1067 2771 1276 2845 quales
1312 2780 1455 2825 sunt
1489 2778 1815 2826 statuarum
1850 2771 2220 2841 gestationes
2256 2780 2317 2825 et
2350 2770 2494 2826 aliae
2532 2773 2616 2827 si..

473 2861 667 2917 miles.
737 2860 1073 2933 Sequamur
1104 2879 1227 2918 non
1250 2859 1519 2930 ethnica,
1558 2860 2024 2932 sedapostolica
2049 2862 2344 2931 exempla,
2378 2871 2435 2916 et
2458 2878 2622 2917 ame.

471 2961 611 3007 mus
647 2951 922 3007 divinitus
954 2951 1192 3008 traditas
1223 2951 1637 3019 ceremonias,
1658 2955 1925 3023 'quarum
1962 2967 2194 3006 summa
2229 2963 2323 3007 est
2354 2952 2614 3023 gravitas

479 3051 538 3097 et
569 3043 810 3098 utilitas.
861 3042 1091 3099 Sonent
1122 3043 1179 3096 in
1216 3040 1459 3111 templis
1485 3045 1614 3112 plae
1640 3052 1700 3096 et
1724 3042 1983 3097 eruditae
2009 3042 2358 3109 conciones,
2394 3042 2618 3099 habeat

474 3133 736 3205 populus
771 3132 1128 3198 cantilenas,
1163 3147 1241 3185 ex
1279 3132 1499 3202 quibus
1532 3134 1761 3200 discat,
1800 3132 1933 3186 liant
1970 3133 2353 3203 precationes
2391 3131 2611 3201 seriae,

477 3223 818 3280 celebretur
850 3226 1136 3295 synaxis,
1178 3225 1416 3295 quoties
1451 3222 1531 3295 pii
1569 3218 2023 3280 Sacramentum
2059 3232 2291 3295 petunt.
2363 3222 2478 3277 Sed
2512 3239 2617 3278 an..

475 3316 709 3370 tecedat
735 3315 969 3387 ‘privata
1004 3313 1337 3380 absolutiO,
1383 3329 1538 3384 quae
1593 3299 1813 3368 multis'
1848 3315 1923 3367 de
1973 3315 2171 3369 causis
2215 3312 2517 3367 retinenda
2552 3323 2617 3369 et

478 3406 835 3463 restituenda
874 3414 987 3458 est.
1056 3404 1432 3459 Restituatnr
1468 3415 1528 3458 et
1563 3406 2159 3470 excommunicatio,
2203 3422 2327 3460 non
2373 3416 2439 3457 ut
2478 3415 2615 3460 ante

475 3499 536 3553 in
573 3497 771 3552 litibus
811 3512 1011 3552 rerum
1047 3497 1435 3569 profanarum
1460 3537 1476 3564 ‚
1515 3495 1619 3551 sed
1655 3497 1729 3550 de
1764 3495 1994 3564 flagitiis
2032 3495 2395 3564 manifestis,
2445 3495 2616 3549 adhi.

473 3586 614 3644 bitis
653 3588 710 3641 in
746 3586 869 3641 boc
895 3588 1194 3655 judicium
1217 3585 1558 3641 senioribus
1585 3587 1644 3640 in
1669 3585 1929 3657 qualibet
1952 3584 2253 3640 Ecclesia.
2323 3586 2448 3640 Hae
2476 3594 2616 3640 sunt

476 3695 688 3750 graves
737 3692 792 3730 et
835 3679 1210 3734 necessariae
1260 3676 1642 3731 ceremoniae
1683 3675 1752 3729 ad
1790 3676 2169 3729 sanciendam
2204 3664 2614 3745 disciplinam,

474 3768 548 3824 de
598 3767 815 3839 quibus
861 3784 999 3822 cum
1034 3767 1392 3823 adversariis
1430 3766 1696 3821 nondum
1735 3781 1907 3832 agere
1944 3780 2296 3837 possumus.
2365 3764 2610 3839 Quibus

471 3861 767 3932 tantisper
800 3859 937 3914 dum
976 3867 1321 3931 oppugnant
1354 3854 1784 3928 Evangelium,
1823 3854 1971 3915 nihil
2007 3854 2377 3910 auctoritatis
2409 3854 2468 3909 in
2492 3853 2614 3910 Ec.

465 3951 659 4007 ‘clesia
695 3950 959 4012 tribuere
994 3963 1337 4021 possumus.

2619 4110 2644 4126 O
