2848 4595
464 278 469 281 -
514 238 636 310 zst
762 191 770 211 ’
1480 242 1661 311 ιειο.

514 400 844 473 praeditum
863 440 880 466 ,
914 402 985 457 ad
1018 400 1499 473 gubernationem
1521 400 1833 457 Ecclesiae
1858 416 2031 465 suae,
2069 407 2340 454 nostrum
2372 391 2619 469 quoque

504 491 800 561 judicium
835 491 907 545 de
941 509 1016 547 eo
1053 494 1171 548 sibi
1200 491 1511 561 significari
1535 492 1756 563 petivit.
1823 490 2093 546 Maxime
2116 499 2309 542 autem
2345 498 2618 557 optamus

512 581 807 638 Ecclesiis
861 581 1084 637 Christi
1138 582 1372 655 praefici
1424 582 1702 637 homines
1737 580 1902 652 pios,
1963 595 2173 649 graves
2231 577 2620 632 eteruditoS.

460 700 487 729 2„
515 670 722 743 Quare
780 671 935 725 hanc
987 674 1371 726 vocationem
1422 687 1660 726 summo
1710 670 1903 726 studio
1950 668 2510 740 comprobavimus,
2562 678 2625 722 et

504 756 811 829 Magistro
846 759 1111 816 Henrico
1144 750 1484 815 hortatores
1521 761 1773 827 fuimuS,
1811 770 1875 815 ut
1910 758 2274 813 Rivaliensis
2307 756 2619 812 Ecclesiae

512 847 997 918 gubernationem
1029 852 1391 922 susciperet.
1474 851 1626 905 Cum
1650 850 1806 904 enim
1842 850 1898 904 in
1936 847 2144 903 schola
2166 846 2477 902 Ecclesiae
2513 865 2622 901 no.

513 949 670 998 strae
716 941 966 1012 amplius
1012 941 1305 996 decennio
1339 941 1596 1008 vixerit,
1644 951 1704 995 et
1749 940 1984 994 interim
2016 954 2225 1007 magna
2257 931 2398 992 c'um
2450 938 2623 992 laude

474 1072 479 1076 .
510 1028 736 1083 rexerit
768 1029 1099 1099 Collegium
1133 1029 1494 1085 Saxonicum
1519 1027 1863 1094 Erfordiae,
1897 1028 2302 1099 comperimus
2336 1042 2475 1080 eum
2506 1024 2617 1082 ho·

509 1118 699 1173 neatis
747 1127 807 1173 et
836 1120 951 1190 piis
983 1118 1253 1175 moribus
1289 1118 1618 1191 praeditum
1661 1133 1830 1186 esse,
1874 1130 1935 1173 et
1967 1118 2293 1172 doctrinam
2343 1116 2626 1171 ecclesia..

462 1196 469 1204 ’
510 1207 725 1273 sticam
775 1208 1087 1278 diligenter
1114 1212 1496 1287 percepisse.
1561 1208 1963 1281 Amplectitur
2004 1218 2202 1265 autem
2257 1222 2623 1265 consensum

510 1296 841 1354 catholicae
880 1297 1192 1354 Ecclesiae
1228 1297 1481 1366 Christi,
1528 1313 1710 1370 quem
1753 1309 1812 1351 et
1847 1307 2044 1353 nostra
2080 1296 2362 1363 Ecclesia
2385 1296 2628 1367 prolite-

508 1397 642 1455 ων,
693 1397 752 1443 et
798 1387 1085 1444 abhorret
1132 1382 1219 1443 ab'
1261 1389 1539 1449 omnibus
1591 1388 1855 1443 fanaticis
1903 1378 2282 1459 opinionibus
2333 1388 2626 1447 damnatis,

501 1477 734 1545 judicio
790 1477 1114 1533 catholicae
1170 1475 1483 1533 Ecclesiae
1539 1476 1781 1532 Christi.
1859 1476 2057 1533 Porro
2114 1476 2361 1531 scientia
2414 1491 2620 1539 earum

470 1566 758 1632 ‘aq-tium,
805 1581 950 1641 quas
986 1566 1360 1639 philosophia
1400 1566 1702 1635 continet,
1755 1565 2020 1621 nonnihil
2066 1567 2254 1619 adfert
2304 1564 2617 1621 industriae

510 1656 573 1722 in
620 1656 916 1712 docendo.
983 1658 1137 1712 Cum
1189 1657 1363 1726 igitur
1394 1656 1708 1725 ·Magister
1756 1657 2049 1711 Henricus
2099 1657 2318 1712 bonam
2371 1671 2619 1725 operam

509 1745 579 1809 iu⁴
604 1739 880 1799 omnibus
915 1744 1331 1818 philosophiae
1366 1745 1631 1819 partibus
1680 1745 1941 1813 navarit,
1988 1746 2311 1817 prudenter
2355 1757 2414 1797 et
2449 1754 2617 1798 recte

437 1890 445 1898 ‚
510 1833 793 1890 discernit
827 1835 1155 1902 doctrinam
1190 1835 1658 1891 ecclesiasticam
1698 1851 1728 1887 a
1764 1834 2181 1907 philosophia,
2228 1843 2288 1886 et
2332 1834 2390 1887 in
2425 1834 2622 1902 expli.

509 1924 704 1980 cando
735 1924 1158 1997 proprietatem
1192 1938 1250 2001 et
1270 1925 1685 1991 dexteritatem
1708 1924 1942 1993 dignam
1955 1926 2102 1980 ’viro
2137 1925 2319 1979 docto
2353 1923 2612 1978 adhibet.

410 2032 415 2037 ·
507 2011 795 2068 Promisit
827 2013 1040 2080 etiam,
1072 2028 1140 2068 se
1163 2029 1373 2085 puram
1407 2014 1737 2068 doctrinam
1760 2012 2100 2081 Evangelii,
2132 2028 2308 2084 quam
2337 2011 2614 2069 Ecclesia

506 2114 713 2175 nostra
760 2103 1097 2179 profitetur,
1150 2111 1493 2158 constanter
1541 2112 1601 2159 et
1645 2104 1951 2171 diligenter
1996 2102 2218 2174 populo
2264 2102 2612 2157 traditurum

382 2184 409 2247 .’
505 2207 665 2271 esse.
727 2191 935 2266 Quare
979 2202 1055 2260 ut,
1090 2199 1320 2245 extaret
1354 2191 1663 2264 publicum
1695 2192 1883 2247 nostri
1917 2191 2126 2261 judicii
2168 2191 2609 2258 testimonium,

399 2305 431 2322 ·-
503 2295 618 2349 nos
642 2281 699 2336 in
724 2281 997 2337 Ecclesia
1023 2280 1259 2352 publice
1279 2281 1827 2338 commendavimus
1858 2282 1914 2348 ei
1939 2278 2332 2340 ministerium
2343 2272 2610 2337 docendi

502 2369 809 2440 Evangelii
845 2380 903 2424 et
934 2370 1307 2425 Sacramenta
1340 2388 1371 2424 a
1404 2370 1649 2444 Christo
1687 2371 1941 2426 instituta
1975 2370 2406 2425 administrandi
2432 2370 2611 2440 juxta

414 2449 421 2456 ’
504 2459 905 2516 vocationem.
970 2459 1038 2515 ld
1070 2471 1359 2514 testamur
1378 2441 1475 2515 his
1499 2459 1754 2533 publicis
1786 2461 2003 2527 literis,
2038 2473 2099 2513 et
2120 2456 2613 2518 commendamus

507 2564 644 2603 eum
662 2548 972 2605 Ecclesiae
995 2548 1355 2618 Rivaliensi,
1391 2567 1462 2603 ac
1485 2550 1743 2623 petimus
1776 2559 1843 2604 ut
1876 2564 2011 2603 eum
2045 2559 2310 2603 amanter
2331 2548 2610 2621 excipiat,

422 2667 433 2676 ι
506 2639 705 2693 foveat
750 2648 811 2693 et
854 2637 1149 2694 defendat.
1216 2638 1559 2696 Maximum
1605 2639 1727 2695 Dei
1775 2638 2133 2694 beneficium
2185 2639 2246 2693 in
2292 2638 2466 2694 terris
2518 2646 2614 2695 est

420 2761 431 2768 -
503 2727 805 2800 publicum
852 2728 1158 2799 Evangelii
1204 2730 1636 2798 ministerium,
1688 2730 1866 2802 idque
1918 2731 2043 2783 vult
2077 2729 2248 2784 Deus
2294 2729 2497 2784 lucere
2551 2728 2611 2783 in

502 2819 833 2874 civitatibus
879 2830 940 2874 et
972 2820 1031 2875 in
1064 2820 1378 2876 hominum
1413 2822 1719 2878 societate.
1788 2820 1994 2896 Quare
2038 2820 2432 2890 gratissimum
2466 2819 2609 2873 Deo

501 2909 764 2980 officium
799 2910 1024 2965 faciunt
1056 2911 1359 2976 civitates,
1396 2927 1549 2982 quae
1583 2910 1893 2966 Ecclesias
1928 2923 2087 2965 recte
2122 2907 2512 2976 constituunt,
2551 2917 2611 2964 et

503 3009 824 3080 accersunt
869 3015 936 3054 ac
971 2999 1293 3055 defendunt
1327 3001 1461 3071 pios
1512 3013 1570 3055 et
1615 2999 1879 3055 eruditos
1920 3000 2224 3055 doctores·
2286 2998 2612 3062 Hortamur

502 3088 679 3156 igitur
710 3087 1009 3144 civitatem
1030 3088 1467 3157 Rivaliensem,
1502 3101 1567 3143 ut
1590 3087 1755 3176 hunc
1792 3091 2078 3158 optimum
2114 3099 2173 3141 et
2197 3071 2607 3143 doctissimum

498 3179 697 3235 virum
745 3175 1101 3248 Magistrum
1155 3171 1488 3256 Henricum
1533 3179 1628 3251 pie
1680 3180 2145 3250 complectatur,
2194 3188 2252 3231 et
2306 3176 2362 3231 in
2396 3175 2608 3246 guber.

499 3268 737 3322 natione
788 3276 946 3322 tanta
993 3267 1230 3336 adjuvet
1283 3282 1352 3324 ac
1401 3268 1696 3323 defendat.
1787 3268 1978 3322 Datae
2031 3265 2458 3336 Witebergae,’
2511 3265 2607 3321 die

502 3358 585 3412 ¹7.
619 3356 801 3428 Maji,
834 3356 1110 3415 MDXL.
1382 3413 1385 3420 ,

1182 3501 1185 3504 .
1280 3446 1500 3503 Pastor
1530 3443 1840 3502 Ecclesiae
1875 3444 2350 3514 Witebergensis

1019 3544 1079 3624 et
1110 3538 1324 3626 caeteri
1363 3535 1628 3592 Ministri
1662 3535 1966 3604 Evangelii
2004 3535 2060 3590 in
2095 3535 2300 3589 eadem
2332 3533 2609 3591 Ecclesia

1260 3645 1267 3654 ²
1342 3626 1648 3682 Martinus
1682 3624 1918 3681 Luther
1949 3624 2033 3678 D.

1347 3715 1619 3769 Joannes
1653 3714 2069 3783 Bugoenhagius
2110 3711 2479 3773 Pomeranus
2515 3714 2604 3773 D.

1341 3805 1561 3858 Justus
1593 3802 1786 3859 Jonas
1819 3803 1906 3858 D.
2611 3805 2620 3820 ¹

1344 3892 1660 3965 Philippus
1681 3890 2074 3950 ‘Melanthom
2121 3947 2128 3951 ,
2189 3923 2196 3931 ·
