2848 4595
1179 278 1355 343 1542.
2176 272 2328 346 ..463

200 429 503 502 sapientes
539 436 740 503 potest
774 434 832 487 in
883 436 1047 503 virga
1099 438 1319 492 furoris
1367 437 1605 495 visitare
1627 457 1651 501 :-
1677 434 1727 500 ²)
1777 435 1950 490 Deus
2002 436 2164 488 tollat
2211 448 2322 487 nos

202 532 337 576 ante
396 523 606 576 faciem
656 524 1049 578 calamitatum
1083 518 1159 591 ’θ’
1195 527 1252 579 in
1296 542 1461 596 pace.
1528 527 1770 580 Interim
1805 542 1915 580 nos
1952 530 2159 579 saltem
2196 524 2326 595 plo-

201 626 407 666 remus
441 620 689 682 peccata
716 628 922 669 nostra
947 627 1005 669 et
1027 615 1385 685 Germaniae
1404 656 1423 682 ,
1462 628 1520 670 et
1545 632 1818 683 oremus,
1855 626 1915 670 et
1943 614 2321 669 humiliemus

202 701 284 754 illi
310 702 534 756 animas
558 715 831 771 nostras,
865 705 1149 759 instantes
1177 705 1373 761 officio
1401 718 1629 771 nostre,
1666 706 1964 774 docende,
2001 704 2323 773 arguendo,

204 792 574 847 consolando
611 794 750 848 totis
783 786 1030 849 viribus.
1104 795 1264 868 Quid
1289 796 1441 849 aliud
1476 798 1845 867 possumus?
1870 790 1933 860 ³)
2003 794 2324 850 Germania

203 878 546 951 obsurduit,
582 900 770 939 coeca
806 896 929 949 est,
964 885 1274 939 incrassati
1312 887 1511 941 cordis
1549 897 1675 953 est,
1713 868 1777 939 ut
1814 901 2051 956 sperare
2078 876 2141 949 ⁴)
2177 900 2324 938 cou-

201 982 289 1027 tra
323 989 491 1044 spem
526 967 586 1039 ⁵)
622 973 796 1029 nobis
833 991 953 1029 non
988 974 1183 1031 liceat.
1247 975 1348 1030 De
1382 975 1505 1030 hoc
1539 966 1595 1040 9)
1639 978 1802 1030 satis.

332 1078 434 1134 De
491 1097 613 1152 quo
671 1080 921 1148 audisti,
954 1072 1015 1147 7)
1071 1081 1129 1136 in
1183 1082 1431 1136 Ducatu
1478 1081 1996 1152 Wirtenbergensi
2053 1098 2173 1136 non
2233 1073 2325 1135 es't

204 1166 646 1234 Schwenkfeld‚
682 1169 844 1224 hunc
877 1170 1033 1224 enim
1066 1171 1297 1241 expulit
1323 1172 1505 1226 Dux:
1544 1172 1649 1226 sed
1674 1171 1822 1225 levis
1847 1172 2083 1242 quidam
2106 1171 2320 1238 home,

127 1246 143 1257 ’
204 1258 306 1329 qui
352 1257 549 1313 Mohr
595 1259 841 1325 dicitur,
889 1258 1062 1314 miles
1112 1259 1449 1329 gregarius,
1502 1258 1784 1331 Philippo
1834 1271 2052 1327 notus,
2102 1250 2320 1314 nullius

203 1347 551 1403 autoritati&
618 1348 729 1402 Sed
768 1351 826 1403 in
861 1350 1085 1404 ditione
1121 1350 1600 1419 Nurmbergensi
1621 1390 1639 1416 ,
1684 1363 1747 1405 ut
1781 1350 1990 1404 scribit
2021 1349 2323 1404 Wences·

200 1438 364 1504 laus,
401 1438 637 1510 quidam
676 1437 1028 1508 Capelianus
1068 1436 1380 1511 porrigens
1423 1450 1864 1495 sacramentum
1900 1439 1955 1494 in
1992 1439 2320 1507 cochleari,

206 1545 345 1585 cum
379 1529 614 1582 deesset
649 1528 837 1595 calix,
882 1528 974 1583 his
1010 1529 1208 1583 verbis
1246 1544 1391 1583 usus
1431 1529 1673 1583 dicitur:
1737 1528 1905 1590 mimb
1936 1526 2073 1597 θέω
2120 1530 2222 1589 bas
2255 1527 2319 1592 ist

204 1619 297 1676 tet·
345 1615 552 1683 stifft!
566 1617 659 1675 tte
707 1617 898 1676 §leuen
946 1614 1306 1681 &etiamtum
1372 1617 1523 1672 Vide
1574 1618 1866 1674 ridentem
1910 1631 1970 1674 et
2016 1618 2319 1675 ludentem

202 1710 470 1763 Satanam
503 1708 564 1763 in
601 1725 662 1763 re
697 1719 816 1765 tam
851 1707 1164 1762 adoranda.
1198 1701 1259 1774 ⁸)

332 1816 434 1871 Ex
475 1814 730 1886 Ungaria
773 1815 1075 1871 scribitur.
1145 1815 1384 1869 Turcas
1434 1814 1731 1886 appulisse
1777 1815 2008 1871 Budam
2056 1831 2318 1870 numero

203 1907 402 1973 30000,
451 1916 512 1960 et
556 1906 748 1977 ipsum
799 1916 1113 1974 tyrannum
1149 1902 1618 1975 subsequentem
1666 1905 1723 1959 in
1755 1905 1960 1960 itinere
2002 1920 2157 1960 esse.
2223 1905 2319 1958 In.

204 2007 367 2051 terea
418 2011 530 2051 nos
566 1996 762 2051 securi
811 2006 867 2050 et
905 2003 1223 2049 stertentes
1256 2007 1460 2049 mutua
1509 1995 1643 2049 odia
1688 2004 1746 2048 et
1782 1996 2037 2049 fraterna
2074 1996 2320 2050 vulnera

198 2086 645 2151 machinamur,
671 2077 725 2150 9)
761 2085 848 2139 sic
882 2086 1147 2156 peccatis
1182 2085 1404 2140 nostris
1438 2098 1552 2139 nos
1588 2085 1971 2158 rapientibus.
1996 2084 2072 2153 ²⁰)
2140 2085 2315 2141 Deus

202 2178 556 2233 misereatur
587 2177 814 2244 nostri,
857 2178 1075 2231 Amen.

333 2284 436 2340 De
488 2282 809 2340 Caristadio
858 2301 1000 2341 vera
1051 2292 1222 2351 sunt,
1276 2301 1433 2355 quae
1479 2283 1714 2356 scripsi.
1760 2279 1822 2349 ⁴)
1889 2280 2067 2338 Nosti
2122 2291 2318 2342 autem

201 2376 464 2431 hominis
501 2375 832 2445 ingenium,
867 2385 930 2429 ut
964 2375 1178 2431 mirum
1213 2393 1334 2442 non
1373 2376 1477 2442 sit,
1512 2377 1564 2429 si
1588 2365 1823 2429 tandem
1850 2392 1961 2444 pro
1987 2374 2158 2428 factis
2183 2375 2315 2445 ejus

205 2468 304 2520 diu
340 2467 598 2520 toleratis
635 2466 692 2520 in
731 2465 1001 2537 patientia
1036 2465 1156 2520 Dei
1202 2466 1434 2534 dignam
1480 2465 1823 2520 mercedem
1874 2465 2201 2532 invenerit,
2251 2475 2322 2520 ut

202 2555 348 2610 dicit
382 2555 687 2611 Salomon:
719 2554 852 2632 Qui
880 2554 1110 2609 mentis
1144 2561 1238 2609 est
1272 2553 1509 2622 durae,
1544 2562 1803 2610 corruet
1836 2554 1905 2607 in
1941 2553 2219 2623 malum,
2256 2564 2320 2609 et

202 2655 352 2702 ante
388 2645 832 2702 contritionem
867 2645 1205 2699 exaltatur
1239 2661 1354 2699 cor
1385 2643 1686 2699 hominis.
1932 2714 1949 2744 4

336 2752 449 2807 Sed
484 2753 552 2807 ad
588 2764 645 2808 te
683 2753 885 2807 redeo,
953 2753 1052 2807 Tu
1087 2753 1257 2806 fortis
1295 2762 1464 2819 esto,
1517 2764 1576 2804 et
1613 2750 1933 2808 nobiscum
1963 2752 2177 2821 gratias
2210 2766 2317 2819 age

201 2843 475 2899 Domino
511 2845 582 2908 ¹¹)
619 2861 728 2914 pro
763 2859 867 2895 sua
903 2853 1100 2895 sancta
1134 2839 1490 2908 vocatione,
1528 2856 1642 2912 qua
1677 2855 1790 2895 nos
1824 2840 2095 2910 dignatus
2131 2848 2221 2893 est
2242 2839 2317 2903 ¹²)

201 2950 517 3003 segregare
554 2934 625 2987 ab
663 2934 789 2987 istis
823 2932 1068 3004 perditis
1106 2942 1163 2986 et
1201 2932 1578 3003 perdentibus
1613 2929 1993 2998 hominibus,
2029 2941 2088 2983 et
2123 2929 2181 2983 in
2203 2945 2316 2984 suo

199 3024 391 3078 verbo
428 3040 576 3096 puro
613 3033 674 3079 et
707 3035 916 3078 sancto
951 3039 1134 3095 puros
1172 3034 1232 3076 et
1277 3020 1830 3092 irreprehensibiles
1867 3017 1946 3088 ²³)
1994 3020 2320 3074 custodivit

204 3126 266 3169 et
302 3113 596 3169 custodiet
622 3112 678 3168 in
717 3112 913 3167 finem.
980 3112 1149 3166 Flere
1176 3111 1314 3165 licet
1338 3129 1449 3183 pro
1473 3108 1730 3165 inimicis
1754 3111 1950 3167 crucis
1967 3107 2048 3176 ²4)
2075 3109 2316 3175 Christi,

307 3369 346 3416 1)
373 3367 430 3409 Α.
460 3364 678 3411 reddere.
729 3363 819 3409 Ms.
839 3361 963 3410 N.·-
983 3362 1061 3419 qui
1087 3374 1186 3418 sap.
1216 3364 1308 3407 etc.
1407 3363 1451 3411 2)
1477 3363 1534 3406 Α.
1564 3359 1724 3408 Man.
1754 3359 2055 3408 calamitatis.
2156 3360 2199 3412 3)
2225 3360 2317 3407 Ma.

203 3438 264 3483 N.
291 3438 549 3494 possimus.
636 3439 680 3488 Δ)
707 3440 765 3482 Λ.
792 3449 926 3493 spem
945 3435 1136 3480 habere.
1179 3432 1340 3480 Mau.
1367 3446 1502 3491 spem
1521 3446 1561 3479 c.
1581 3446 1652 3490 sp.
1674 3432 1813 3478 nobis
1833 3433 2026 3479 habere.
2116 3435 2161 3483 5)
2187 3432 2313 3482 &du

201 3518 267 3558 Α.
295 3514 325 3563 1·
353 3511 442 3555 his,
535 3515 582 3563 ω
605 3511 696 3556 Ms.
711 3510 767 3556 N.
795 3520 906 3567 quo.
999 3510 1043 3560 7)
1070 3506 1229 3554 Ms.N.
1260 3506 1506 3554 audivisti.
1601 3511 1645 3555 ὅ)
1673 3507 1794 3556 &cb-
1813 3528 1862 3538 —-
1880 3505 1951 3551 De
1972 3505 2065 3551 hoc
2084 3505 2199 3552 satis
2220 3509 2313 3552 etc.

202 3591 251 3636 9)
278 3591 334 3629 Α.
362 3589 394 3639 †
423 3588 470 3629 et
498 3583 690 3629 insaniis
717 3585 796 3635 (i),
848 3583 968 3635 ῥά).
998 3587 1048 3626 et
1075 3582 1266 3633 iniusta.
1369 3583 1435 3632 10)
1464 3585 1517 3624 Α.
1548 3581 1579 3632 ⁴1·
1608 3585 1653 3624 et
1684 3591 1770 3623 cor
1799 3584 1847 3624 et
1872 3591 2068 3625 sensum
2092 3582 2319 3626 auferen-

199 3661 350 3706 tibus.
425 3663 495 3705 11ἱ
525 3659 642 3708 tadi.
672 3657 793 3703 Deo.
869 3659 938 3709 12>
966 3656 1087 3705 Θώ.
1107 3655 1328 3711 dignatur
1346 3656 1410 3712 et.
1490 3655 1555 3702 13)
1586 3653 1707 3702 ἑά).
1729 3649 2021 3718 spirituale*
2097 3657 2164 3707 w
2189 3655 2313 3706 υἷα),

197 3744 293 3791 per
320 3729 538 3776 vulnera.

2027 3779 2057 3795 Ι

307 3973 353 4021 ⁸)
397 3967 464 4018 ὃ.
503 3965 595 4015 ΝΟ.
624 3965 847 4015 MMLvt.
900 3963 1169 4012 MMLvnt.
1209 3973 1216 3981 ’
