2848 4595
1167 289 1349 362 1542.
1626 248 1629 261 ’
2160 282 2316 358 ·⁴g1

195 428 450 502 contulit
497 436 762 507 omnium
799 448 1124 505 sententias
1147 489 1167 516 ,
1214 461 1275 505 et
1308 450 1380 503 de
1415 458 1538 521 tota
1572 450 1840 506 doctrina
1883 450 2161 523 accurate
2198 449 2317 505 dis-

196 538 405 593 seruit.
475 537 556 593 Et
604 538 741 610 quia
792 551 957 593 recte
1005 540 1273 610 intelligit
1316 543 1651 595 doctrinam
1699 530 2013 596 Eccl'esiae
2055 540 2318 607 Christi,

129 690 132 693 ,
197 642 256 682 et
307 628 686 699 amplectitur
735 644 942 699 puram
989 628 1294 698 Evangelii
1353 632 1737 698 sententiam,
1806 642 1986 702 quam
2040 630 2324 685 Ecclesia

195 729 402 772 nostra
437 733 558 771 uno
591 718 800 789 spiritu
847 731 901 770 et
934 734 1048 771 una
1081 736 1236 774 voce
1271 737 1410 773 cum
1457 720 1750 786 catholica
1786 719 2063 773 Ecclesia
2099 718 2325 774 Christi

198 810 546 878 profitetur:
573 806 779 875 jussus
812 821 906 862 est
940 809 1110 862 etiam
1148 811 1300 878 apud
1337 827 1434 863 me
1470 790 1812 864 cSncionari
1848 809 1984 877 hic,
2037 821 2096 864 et
2131 810 2325 878 speci-

198 914 338 955 men
362 913 502 951 suae
538 897 888 960 eruditionis
923 884 1134 966 edidit,
1173 909 1232 953 et
1256 899 1397 952 satis
1424 900 1583 957 clare
1619 909 1867 953 testatus
1902 911 2025 966 est,
2063 915 2128 953 se
2163 901 2323 953 idem

198 988 455 1051 sentire,
490 986 655 1057 quod
692 1001 891 1040 nostra
916 985 1191 1041 Ecclesia
1226 987 1556 1059 profitetur.
1626 990 1780 1057 Cum
1816 989 1992 1057 igitur
2014 988 2322 1044 Illustriss.
2386 988 2393 997 '

197 1074 498 1146 Princeps
535 1076 813 1146 sapientia
867 1089 921 1128 et
956 1077 1172 1130 virtute
1216 1088 1554 1147 praestans,
1604 1079 1757 1131 Dux
1792 1067 2321 1147 lvlegelburgensis

206 1165 528 1232 Henricns,
567 1179 847 1218 vocasset
875 1165 1040 1219 huuc
1064 1166 1385 1231 Henricum
1414 1166 1831 1220 Scbmedstedt
1858 1168 1913 1219 in
1942 1168 2329 1221 Academiam

196 1255 665 1311 Rostocbiauam
701 1255 770 1308 ad
793 1256 1122 1309 docendam
1145 1256 1543 1323 theologiam,
1568 1268 1646 1313 ,et
1681 1257 2025 1325 petivisset,
2067 1268 2129 1327 ut
2160 1255 2327 1311 testi..

198 1347 470 1409 monium
506 1359 781 1399 nostrum
814 1346 1081 1414 afferret:
1107 1398 1110 1401 Α
1133 1346 1318 1413 gavisi
1355 1362 1603 1413 sumus,
1639 1346 1942 1401 niustriae.
1980 1346 2329 1417 Principem

200 1436 445 1519 pucem
471 1433 796 1489 Henricum
833 1410 1079 1501 curare,
1115 1447 1180 1497 ut
1205 1433 1920 1500 &etesiis-consulatur,
1960 1446 2016 1489 et
2050 1436 2331 1492 salutaris

204 1525 473 1579 doctrina
501 1536 902 1581 conservetur
927 1538 996 1577 ac
1021 1535 1400 1594 propagetur.
1469 1522 1629 1577 Nam
1655 1524 1931 1593 profecto
1961 1523 2113 1578 haec
2136 1525 2331 1597 prima

203 1630 350 1669 cura
386 1614 653 1667 omnium
689 1612 1152 1682 gubernatorum
1189 1628 1320 1664 esse
1356 1611 1565 1681 debet,
1598 1623 1671 1666 -ut
1706 1613 1939 1684 populis
1975 1630 2174 1670 veram
2201 1615 2325 1671 Dei
2356 1598 2373 1621 χ

204 1704 467 1761 notitiam
502 1703 872 1774 impertiant,
910 1712 966 1756 et
1003 1701 1298 1754 illustrent
1332 1701 1577 1769 gloriam
1613 1701 1744 1756 Filii
1780 1702 2040 1769 sui-Iesu
2067 1703 2326 1761 Christi:

206 1795 361 1850 sicut
396 1804 600 1848 monet
633 1808 760 1847 vox
807 1791 1054 1847 Psalmi:
1110 1791 1190 1844 In
1227 1791 1648 1846 convertendo
1673 1791 1951 1862 populos
1989 1793 2058 1845 in
2092 1809 2326 1863 unum,

206 1894 268 1939 et
300 1885 548 1958 Reqes,
599 1889 670 1936 ut
701 1880 990 1936 serviant
1019 1880 1324 1937 Domino.
1392 1880 1473 1934 Et
1511 1882 1791 1952 quoniam
1837 1898 2040 1935 mores
2078 1881 2327 1941 Henrici

151 2022 167 2031 .
207 1971 624 2028 Scbmedstedt
663 1986 731 2025 ac
766 1970 1160 2024 eruditionem
1196 1968 1514 2039 probamus
1537 2009 1556 2036 ‚
1608 1984 1743 2022 cum
1779 1980 1865 2023 tot
1899 1984 2086 2025 annos
2120 1972 2331 2027 nobis-

206 2079 350 2118 cum
385 2062 674 2127 vixisset,
707 2077 778 2114 ac
813 2059 1048 2128 publice
1084 2058 1428 2123 docuisset,
1466 2071 1523 2112 et
1550 2060 1938 2130 polliceretur
1973 2060 2029 2113 in
2055 2060 2328 2119 doctrina

203 2152 302 2226 pia
350 2152 526 2206 fidem
576 2162 635 2206 et
679 2149 1095 2204 constantiam:
1147 2147 1401 2201 libenter
1450 2149 1502 2201 ei
1557 2148 1963 2203 testimonium
2013 2150 2322 2221 dedimus,

205 2241 370 2316 quod
419 2253 482 2295 ut
534 2250 697 2294 esset
748 2239 1086 2312 publicum,
1138 2253 1307 2293 more
1355 2237 1569 2291 usitato
1622 2238 2007 2308 scholarum,
2061 2240 2323 2311 judicio,

211 2333 500 2402 suffragiis
552 2341 610 2386 et
645 2330 1069 2403 approbatione
1109 2327 1355 2397 Collegii
1391 2329 1576 2383 nostri
1610 2342 1748 2401 post
1790 2330 2090 2406 publicam
2128 2331 2331 2404 dispu-

207 2424 489 2480 tationem
523 2421 799 2476 decretus
848 2430 942 2476 est
973 2417 1141 2488 Mag.
1178 2419 1441 2473 Henrico
1487 2419 1902 2474 Schmedstedt
1944 2423 2157 2487 gradus
2189 2422 2329 2478 Do-

210 2525 479 2569 ctoratus
512 2511 851 2580 theologici.
920 2512 1014 2565 Ac
1057 2509 1260 2563 Deum
1306 2525 1655 2580 precamur,
1711 2521 1773 2562 ut
1829 2512 2016 2564 studia
2053 2513 2181 2582 ejus
2216 2531 2337 2582 gu-

206 2606 457 2672 bernet,
509 2603 1120 2672 commendamusque
1170 2600 1341 2654 etiam
1385 2599 1688 2654 Illustriss.
1726 2601 2134 2670 PrincipibuS,
2187 2591 2327 2659 Du..

209 2696 378 2751 cibus
419 2691 1054 2762 Megclburgensibus,
1105 2690 1266 2743 hunc
1300 2689 1638 2742 Doctorem
1671 2685 1993 2744 Henricum
2046 2712 2114 2747 ac
2155 2713 2327 2762 roga-

208 2803 382 2853 mus,
419 2794 484 2838 ut
519 2784 668 2837 bene
703 2797 840 2835 eum
873 2789 1167 2836 tueantur.
1236 2777 1394 2832 Utile
1448 2779 1604 2832 enim
1656 2792 1751 2832 est
1783 2775 2092 2835 Ecclesiae
2130 2799 2187 2837 et
2223 2800 2328 2838 so-

209 2873 403 2929 cietati
440 2874 781 2938 communi,
831 2868 1141 2924 autoritate
1178 2867 1526 2939 Principum
1562 2868 1678 2936 tegi
1728 2884 1794 2922 ac
1830 2868 2089 2938 adjuvari
2126 2872 2325 2927 bonos

205 2967 538 3022 DoctoreS.
605 2963 790 3033 quue
842 2959 1095 3014 officium
1133 2959 1271 3012 Deo
1309 2969 1537 3026 gratum
1583 2973 1719 3014 esse
1756 2959 1973 3013 multae
2024 2963 2323 3016 coelestes

210 3054 535 3113 sententiae
571 3065 626 3107 et
662 3050 934 3121 exempla
969 3059 1279 3103 testantur.
1347 3048 1546 3120 Quam
1586 3047 1943 3102 luculentam
1980 3052 2326 3109 mercedem

208 3147 384 3204 Deus
436 3139 726 3217 promittit
759 3157 906 3194 vero
942 3138 995 3204 ¹)
1041 3136 1304 3207 Principi
1358 3136 1801 3205 Abdemelech,
1855 3139 1954 3209 qui
1990 3140 2324 3198 Jeremiam

209 3238 269 3292 in
321 3239 513 3293 lacum
565 3219 862 3304 abjectum
899 3228 1145 3283 retraxit
1190 3237 1248 3281 et
1295 3225 1571 3280 servavit.
1640 3227 1961 3281 Hortamur
2010 3241 2071 3283 et
2123 3232 2324 3302 ipsum

208 3329 547 3383 Doctorem
596 3322 968 3384 Henricum,
1013 3326 1079 3370 ut
1125 3315 1415 3370 annitatur
1458 3318 1840 3371 concordiam
1874 3318 2322 3377 Rostocbianae

209 3417 522 3473 Ecclesiae
542 3423 602 3468 et
624 3403 976 3467 Academiae
1001 3423 1140 3461 cum
1164 3414 1369 3466 nosstra
1401 3406 1569 3474 naveri-
1595 3405 1647 3468 2)
1714 3406 1986 3463 Maxime
2009 3406 2061 3476 ³)
2097 3412 2319 3484 qnippe

209 3506 527 3579 optandum
574 3516 665 3557 est
689 3542 706 3568 ,
766 3511 828 3554 ut
874 3497 1269 3562 Academiae,
1332 3494 1551 3566 quibus
1610 3494 1909 3568 doctrinae
1965 3499 2317 3566 gubernatio

209 3594 620 3653 commendata
653 3603 779 3658 est,
817 3583 935 3643 uiio
961 3587 1183 3659 spiritu
1218 3597 1276 3639 et
1313 3601 1422 3638 una
1458 3600 1612 3638 voce
1648 3599 1787 3650 cum
1822 3588 2065 3657 Angelis
2104 3602 2318 3649 canant

207 3723 1262 3759 ,..,,,.........-.---,-----

309 3823 348 3870 1)
385 3816 506 3867 ἐῶ.
540 3815 668 3859 viro.
767 3812 811 3864 Ζ)
849 3811 897 3858 C.
921 3812 972 3856 G.
1014 3810 1043 3862 †
1085 3808 1203 3853 Nam
1228 3787 1494 3853 consensus
1522 3795 1570 3854 in
1603 3819 1721 3854 vera
1748 3810 1969 3858 doctrina
1997 3818 2047 3859 et
2071 3814 2177 3862 Deo
2204 3829 2314 3874 gra.

206 3892 422 3941 tissimus
459 3894 560 3945 est,
607 3890 656 3934 et
703 3885 908 3932 maxime
944 3882 1440 3937 salutarislmmauae
1475 3881 1718 3931 societati.
1839 3889 1884 3940 3)
1935 3887 1983 3934 c,
2012 3891 2067 3937 G,
2102 3892 2314 3942 mxime

203 3969 299 4017 aab
327 3963 502 4026 quippe
527 3960 836 4017 wtsssstlail'ea.

370 4038 628 4124 εἰοι·ν;
1724 4017 1733 4034 “
1822 4002 1901 4104 ai
