2848 4595
491 240 636 336 ,am
1484 241 1668 310 15⁴1.

503 400 793 473 Denique
841 402 1149 458 osculatus
1198 410 1288 460 est
1334 420 1492 466 eum.
1558 405 1831 475 Cogitate
1882 413 1942 457 et
1989 404 2260 459 festinate
2308 399 2509 471 egredi
2557 414 2643 457 ex

501 493 614 549 ista
649 493 946 561 Sodoma,
992 494 1162 549 venit
1198 494 1277 548 ira
1312 494 1436 549 Dei
1471 512 1658 567 super
1690 511 1800 551 eos
1836 495 1892 549 in
1930 494 2127 549 finem.
2198 493 2299 548 De
2336 493 2511 548 nolus
2546 493 2642 548 sic

500 579 720 640 sentio:
773 582 1082 659 Quicquid
1120 585 1263 653 erit,
1317 587 1514 640 omnis
1553 586 1791 644 fortuna
1830 577 2077 640 fe'rendo
2113 585 2482 656 superanda,
2516 599 2638 638 nec

499 673 745 743 dubito,
797 674 940 745 quin
995 675 1327 747 superanda
1376 674 1482 744 sit,
1530 674 1583 730 si
1633 674 1882 730 ferendo
1936 674 2264 738 fuerimm,
2317 674 2454 746 quia
2506 674 2638 744 ipse

496 765 675 821 dixit:
712 764 1037 842 Quicquid
1058 765 1380 839 petieritis
1411 765 1484 821 in
1516 765 1774 822 nomine
1807 782 1945 821 meo
1966 804 1984 835 ,
2028 763 2151 822 hoc
2182 766 2319 838 ipse
2334 763 2638 833 faciam,
2732 775 2737 780 ·

494 863 566 912 ut
584 855 995 930 glorificetur
1011 864 1211 929 pater
1233 858 1302 912 in
1308 857 1485 926 filio,
1557 858 1757 930 Ipsius
1776 897 1794 925 ,
1832 875 1951 911 non
1978 869 2182 912 nostra
2207 873 2381 911 causa
2413 857 2635 926 agitur:

490 947 624 1017 ipse
648 946 898 1014 viderit,
933 964 1006 1001 an
1031 947 1340 1003 ruentibus
1365 939 1540 1020 nobis
1560 987 1577 1015 ,
1615 946 1664 1003 si
1691 948 1980 1012 voluerit,
2018 948 2148 1019 ipse
2187 963 2432 1018 quoque
2459 960 2634 1001 ruere

488 1037 659 1094 velit:
715 1037 824 1093 sed
860 1039 1050 1093 irruet
1083 1038 1286 1093 verius
1325 1051 1380 1094 et
1418 1039 1647 1094 certius
1672 1079 1691 1108 ‚
1728 1054 1909 1110 quam
1945 1049 2102 1105 ruet,
2141 1038 2378 1093 illorum
2415 1053 2632 1106 magno

493 1140 556 1185 et
593 1140 836 1183 aeterno
872 1128 1061 1197 malo,
1096 1135 1306 1183 nostro
1332 1145 1483 1183 vero
1508 1127 1674 1184 bono
1699 1125 1914 1198 magno
1947 1138 2004 1184 et
2041 1140 2305 1183 aeterno.
2375 1128 2635 1184 Ornttun

495 1227 590 1274 est
639 1219 783 1274 satis
834 1234 949 1290 pro
1004 1218 1290 1274 Caesare:
1335 1219 1386 1274 si
1435 1217 1580 1273 nolit
1621 1213 2134 1285 benedictionem,
2186 1219 2339 1273 ferat
2390 1218 2634 1274 maledi-

492 1309 774 1364 ctionem.
840 1307 988 1364 Non
1021 1319 1226 1381 potest
1275 1324 1410 1364 esse
1448 1307 1624 1382 culpa
1661 1309 1849 1366 solius
1897 1301 2111 1364 diabdli
2149 1308 2525 1378 Moguntini,
2579 1309 2631 1364 si

492 1399 624 1468 ipse
674 1415 794 1452 non
847 1409 1010 1454 esset
1060 1414 1245 1470 purus
1297 1398 1636 1470 hypocrita.
1682 1399 1835 1470 ‘Tot
1876 1400 2153 1468 querelas
2199 1399 2398 1454 hausit
2445 1399 2633 1454 surda

489 1503 633 1542 aure
646 1525 680 1557 „
705 1487 930 1557 fingens
953 1505 1021 1544 se
1055 1488 1362 1559 religionis
1386 1505 1569 1545 causa
1605 1488 1808 1545 isthuc
1838 1490 2111 1556 deferre,
2146 1505 2294 1560 quas
2317 1504 2629 1560 nunquam

491 1580 711 1646 cogitat
760 1580 996 1647 audire,
1046 1581 1217 1650 quasi
1266 1595 1377 1652 pro
1410 1579 1717 1650 religionis
1762 1595 1943 1635 causa
1994 1597 2114 1635 non
2163 1579 2398 1656 interim
2449 1580 2632 1635 etiam

490 1670 815 1725 comedere
864 1679 1151 1739 cogatur,
1202 1679 1303 1724 aut
1350 1685 1581 1723 cacare.
1652 1668 1897 1744 Quanto
1940 1670 2395 1748 magisOposset
2446 1684 2630 1726 causa

490 1759 797 1840 religionis
833 1760 1025 1831 posita
1060 1758 1203 1814 istas
1238 1758 1514 1830 querelas
1551 1749 1790 1828 audire,
1840 1760 1964 1815 imo
2001 1759 2142 1815 dum
2176 1775 2289 1815 vos
2341 1759 2628 1816 inutiliter

431 1865 436 1870 ·
490 1863 551 1904 et
598 1852 819 1904 frustra
855 1849 1131 1916 certatis,
1175 1849 1304 1920 jsm
1341 1848 1567 1903 dudum
1608 1850 2012 1921 expedivisse.
2082 1850 2431 1917 Succurrit,
2479 1850 2627 1922 quid

491 1934 708 2010 egerit,
744 1939 886 2012 quid
920 1938 1036 1993 sub
1083 1939 1414 2010 irruptione
1453 1936 1716 1994 Turcica
1751 1940 1904 2011 apud
1939 1938 2230 1996 Viennam
2271 1942 2401 1995 data
2437 1957 2625 2013 pace,

487 2047 664 2103 quam
718 2022 867 2084 m'ox
917 2038 1128 2099 postes
1179 2029 1485 2083 revocavit
1536 2037 1596 2083 et
1647 2027 1757 2082 alis
1805 2028 2024 2084 multa:
2082 2030 2320 2085 interim
2372 2031 2626 2087 devorat

489 2117 845 2190 Trajrctum
889 2117 1227 2185 Leodium,
1263 2118 1320 2185 ⁹)
1370 2117 1526 2173 sicut
1568 2115 1781 2173 Heinz·
1808 2119 2010 2174 socius
2057 2117 2471 2187 Hildesheim,
2521 2120 2626 2175 de-

483 2221 804 2266 voraturus
854 2207 1140 2262 Rhenum
1191 2218 1382 2262 totum
1440 2222 1581 2262 cum
1635 2209 2126 2281 episcopatibus,
2191 2211 2345 2266 sicut
2398 2211 2657 2299 pocius·

481 2311 664 2355 totam
692 2299 1032 2355 Saxoniam.
1091 2299 1204 2354 Sed
1229 2300 1303 2354 de
1327 2297 1422 2354 his
1447 2315 1672 2355 eoram.
1741 2299 2122 2373 Abrumpite,
2158 2318 2337 2373 quam
2367 2303 2622 2374 potestis

483 2389 992 2447 commodissime.
1074 2388 1235 2444 Nam
1283 2389 1356 2443 de
1406 2401 1668 2461 quatuor
1715 2390 1980 2447 articulis
2040 2392 2425 2448 concordatis
2475 2393 2622 2450 nihil

480 2478 637 2550 vidi,
686 2481 795 2536 nisi
839 2496 1029 2535 unum
1063 2481 1138 2535 de
1163 2478 1611 2550 justificatione.
1680 2479 1813 2535 Nisi
1848 2480 2014 2552 quod
2048 2482 2303 2537 verbum
2358 2482 2515 2539 istud
2562 2484 2623 2543 in

485 2572 739 2629 Caesare
773 2587 897 2626 non
920 2571 1251 2642 displicuit,
1285 2566 1736 2639 αηυετῦίπῦίίώμ
1781 2568 2267 2643 unvotflrcifltd»,
2306 2573 2470 2644 quod
2506 2574 2622 2629 etsi

479 2680 594 2736 pro
628 2672 736 2717 sua
757 2676 922 2734 parte
948 2659 1287 2732 posuerint,
1323 2661 1496 2715 nobis
1525 2671 1721 2715 tamen
1759 2678 1879 2716 non
1918 2662 2201 2718 inutiliter
2234 2663 2365 2721 erit.
2435 2661 2628 2739 Quod

478 2755 531 2810 si
588 2763 655 2809 tu
707 2752 833 2807 'non
885 2751 1110 2823 poteris
1169 2749 1568 2823 abrumpere,
1626 2750 1950 2822 Csspsrem
2010 2762 2205 2817 tamen
2232 2794 2252 2823 ,
2311 2754 2364 2810 si
2415 2765 2625 2827 poteo,

479 2844 668 2900 mitte.
733 2840 913 2898 Uxor
960 2841 1093 2912 ejus
1142 2840 1280 2895 istas
1330 2844 1582 2908 domus,
1628 2857 1805 2898 curus
1855 2851 1917 2897 et
1952 2853 2281 2917 structuras
2321 2861 2443 2900 non
2494 2844 2626 2901 sine

473 2936 712 3007 jactura
746 2932 1031 3000 sustinet,
1084 2942 1152 2986 ut
1203 2929 1343 2999 aliqs
1395 2931 1528 2999 ejus
1564 2930 1948 3001 operationes
2000 2940 2063 2988 et
2112 2948 2327 3004 operas
2362 2944 2628 3004 taceam,

484 3026 703 3098 quibus
754 3023 1010 3077 ecclesia
1063 3031 1124 3075 et
1170 3019 1379 3075 schola
1433 3020 1670 3075 iuterim
1731 3037 1941 3077 carere
1993 3025 2247 3091 cogitur.
2326 3027 2632 3097 *imperata

488 3128 581 3174 est
614 3116 670 3171 ei
705 3112 914 3168 missio
950 3128 983 3164 a
1005 3110 1292 3183 Principe
1314 3149 1342 3191 „
1369 3110 1419 3165 si
1458 3120 1519 3165 tu
1558 3111 1935 3168 consentiant
1971 3110 2160 3168 habes
2195 3115 2339 3171 loco
2375 3118 2506 3186 ejus
2540 3117 2631 3172 D.

487 3204 935 3267 Amsdortium‚
971 3216 1155 3273 quem
1177 3214 1291 3269 ego
1320 3202 1364 3266 ¹)
1392 3199 1577 3255 credo
1603 3202 1733 3257 istis
1760 3184 2261 3271 indignationibus
2287 3207 2402 3261 tuis
2424 3205 2480 3274 2)
2505 3214 2634 3263 no'n

493 3297 759 3354 enecari:
794 3307 932 3349 nam
966 3307 1146 3361 saepe
1182 3291 1313 3362 ejus
1350 3290 1773 3361 recordamur,
1821 3293 2120 3363 ingenium
2158 3296 2288 3365 rjus
2326 3298 2663 3367 cognitum-
2706 3311 2713 3316 ·

491 3387 804 3444 habentes.
873 3383 990 3439 Sed
1034 3379 1345 3439 Dominus
1393 3382 1601 3437 reddet
1652 3382 1828 3437 nobis
1881 3383 2147 3454 abunde,
2203 3388 2338 3459 quia
2387 3402 2641 3463 propter
2724 3376 2729 3379 ⁴

495 3478 694 3549 ipsum
725 3481 834 3530 -tot
883 3486 1111 3547 poenas
1161 3471 1519 3541 purgatorii,
1582 3486 1701 3526 non
1758 3471 1911 3526 illius
1966 3474 2270 3544 papistici‚
2331 3478 2437 3531 sed
2488 3465 2680 3535 vere'

500 3564 848 3630 christiani,
897 3563 1018 3618 imo
1067 3560 1399 3615 inferorum
1447 3558 1774 3614 sustinctis.
1846 3559 2049 3634 Quare
2092 3566 2284 3618 fortes
2337 3575 2529 3621 estote
2580 3581 2645 3626 et

501 3657 678 3726 laeti,
714 3656 1013 3720 ridentes,
1049 3651 1100 3706 si
1135 3649 1427 3722 potestis,
1462 3650 1703 3704 Sstanae
1743 3650 2065 3708 machinas.
2137 3653 2301 3711 Nam
2345 3657 2640 3716 fortitudo

608 3814 651 3862 1)
674 3808 839 3857 merui.
861 3806 916 3871 ji.
946 3814 1084 3859 ergo.
1191 3804 1236 3854 2)
1264 3803 1427 3851 (δαιτὶ.
1456 3803 1504 3851 st.
1536 3801 1921 3857 indignantibus
1952 3806 2037 3849 tul.

611 3948 654 3996 *)
683 3944 753 3997 Gi
782 3942 836 3995 ut
861 3942 955 3989 mir
983 3937 1272 3992 anicianum,
1302 3926 1495 3989 morani
1518 3938 1595 3991 lidi
1625 3934 1771 3993 hicce&
1793 3939 1980 3994 Μαίη.
