2848 4595
1160 266 1340 365 154³.
1372 314 1376 319 ψ
1484 278 1491 287 ’
1821 222 1857 265 ”
2197 261 2320 360 69³

186 416 358 494 cujus
405 420 671 497 cognitio
709 424 797 491 ,ad
845 427 1196 485 erudiendas
1247 436 1491 484 mentes
1545 435 1605 485 et
1657 420 2093 486 confirmandas
2140 436 2321 482 veras

186 516 494 587 opiniones
548 517 871 586 plurimum
925 520 1221 574 conducit.
1299 511 1643 590 Diligenter
1693 520 1915 574 audivit
1966 521 2319 588 interpretes

183 603 629 676 Prophetarum
656 611 715 660 et
742 609 1177 680 Apostolorum
1202 610 1260 664 in
1284 603 1403 664 hac
1431 609 1677 677 schola,
1720 619 1780 664 et
1802 608 2056 663 contulit
2078 618 2322 662 veteres

184 694 457 751 Graecos
521 704 581 750 et
628 694 881 761 Latinos
945 699 1277 771 scriptores
1329 700 1402 754 de
1453 699 1767 755 Ecclesiae
1821 697 2195 768 dogmatibus
2265 686 2325 752 et

181 785 410 861 piarum
446 786 826 857 synodorum
862 788 1139 857 decreta,
1172 799 1242 845 ut
1273 800 1502 859 teneat,
1542 790 1687 862 quid
1724 789 2165 860 Apostolorum
2198 782 2323 842 Ec.

182 876 364 956 clesiq
412 876 653 947 puriore
705 887 902 933 aetate
941 881 1240 946 senserit,-
1288 890 1347 934 et
1391 879 1601 935 Deum
1654 879 1819 934 firma
1867 862 1982 933 lide
2034 878 2328 932 invocare

183 976 245 1021 et
291 966 438 1021 alios
488 977 647 1024 recte
693 963 918 1022 docere
955 968 1168 1039 possit.
1235 968 1389 1024 Cum
1439 966 1618 1039 igitur
1653 961 2058 1041 ahssAmpliss.
2100 964 2324 1022 Senatu

180 1056 612 1133 Ratisponensi
665 1058 735 1112 ad
789 1058 1129 1115 docendum
1163 1051 1558 1130 Evangelium
1607 1073 1864 1115 vocatus
1912 1067 2111 1124 esset,
2162 1074 2233 1111 ac
2286 1070 2325 1111 a

178 1145 360 1203 nobis
398 1149 644 1220 petitum
682 1158 877 1217 esset,
913 1157 980 1203 ut
1010 1149 1361 1204 testimonio
1395 1150 1457 1205 in
1491 1151 1720 1205 scholis
1754 1150 1970 1217 usitato
2009 1160 2326 1203 commen.

186 1239 431 1293 daretur
443 1274 464 1309 9
502 1238 752 1293 libenter
784 1238 951 1294 hunc
977 1240 1223 1296 Hieron.
1258 1241 1510 1313 Nopum
1548 1252 1794 1313 propter
1827 1241 2092 1311 optimos
2128 1239 2323 1310 ipsius

182 1344 389 1385 mores
440 1340 500 1384 et
535 1329 814 1388 eximiam
848 1330 1244 1386 eruditionem
1281 1333 1464 1401 gradu
1500 1333 1848 1391 doctoratus
1887 1331 1942 1384 in
1976 1328 2324 1399 Theologia

186 1407 568 1486 ornavimus,
618 1421 797 1492 idque
844 1420 943 1476 his
996 1421 1182 1476 literis
1234 1432 1554 1490 testamur,
1602 1433 1661 1476 et
1714 1423 1919 1477 Deum
1969 1432 2323 1488 aeternum,

185 1508 430 1567 Patrem
465 1511 713 1566 Domini
749 1513 937 1566 nostri
970 1510 1128 1567 Jesu
1163 1510 1422 1579 Christi,
1471 1514 1748 1583 quoniam
1797 1513 1855 1567 in
1891 1510 2198 1581 Evangelii
2232 1510 2330 1564 lu.

185 1618 323 1656 cem
359 1617 499 1656 eum
533 1602 792 1656 traduxit
825 1617 893 1655 ac
915 1602 1278 1656 voluntatem
1315 1601 1379 1669 ei,
1404 1602 1601 1669 dedit,
1630 1614 1701 1661 rut
1727 1604 1820 1674 pie
1853 1602 2080 1657 servire
2102 1599 2329 1656 Eocle.

186 1692 312 1748 siae
348 1692 581 1762 cupiat,
633 1700 991 1763 precamur.
1041 1700 1108 1745 ut
1142 1691 1384 1761 adjuvet
1420 1707 1590 1757 eum,
1639 1700 1702 1745 ut
1745 1691 2137 1746 ministerium
2190 1691 2328 1761 ejus

185 1768 270 1838 sit
303 1778 450 1836 felix
502 1791 560 1835 et
594 1781 884 1850 salutare,
933 1782 1092 1836 sicut
1141 1782 1433 1852 scriptum
1480 1793 1602 1837 estt
1654 1780 1836 1835 Deus
1884 1787 2012 1850 est,
2060 1780 2204 1854 qui,
2252 1782 2326 1834 ut

185 1868 357 1928 bona
393 1868 690 1940 velimus,
741 1868 965 1941 efficit,
1016 1878 1077 1925 et
1109 1871 1417 1942 adjuvat,
1453 1878 1524 1926 ut
1560 1871 2021 1944 perficiamus,
2074 1869 2202 1945 ὑπὲρ
2236 1872 2326 1937 τῆς

188 1957 425 2029 εὕδοκίας
448 2000 466 2030 ,
498 1963 536 2016 i.
561 1979 615 2016 e.
652 1969 725 2024 ut
758 1962 985 2037 aliqua
1001 1964 1189 2030 fiant
1222 1963 1352 2035 ipsi
1382 1970 1606 2036 qrata.
1676 1964 1947 2018 Maxima
1990 1962 2147 2018 enim
2182 1977 2325 2034 pars

173 2052 426 2125 *generis
462 2053 706 2109 humani
726 2093 745 2121 ,
791 2054 1060 2109 furenter
1092 2064 1492 2110 contemnens
1524 2054 1760 2123 Deum,
1796 2056 1911 2109 ruit
1942 2053 2006 2109 in
2058 2055 2323 2120 scelera,

187 2143 411 2219 quibus
444 2142 815 2214 horribiliter
846 2144 1024 2219 Deus
1059 2144 1363 2201 irasciturx
1400 2146 1508 2201 sed
1543 2158 1619 2200 ne
1665 2157 1864 2201 totum
1895 2160 2081 2215 genus
2114 2144 2327 2199 huma.

165 2248 340 2300 ,num
374 2245 606 2306 pereat,
642 2235 914 2308 excerpit
945 2235 1123 2302 Deus
1160 2236 1393 2309 aliquos
1430 2237 1489 2291 in
1523 2232 1798 2291 Ecclesia
1834 2252 1974 2306 sua,
2024 2253 2132 2309 per
2166 2250 2327 2308 quos

184 2325 349 2383 bona
385 2335 441 2381 et
472 2327 743 2381 salutaria
780 2326 955 2394 liant,
1008 2344 1118 2397 per
1151 2343 1307 2400 quos
1345 2326 1648 2404 Evangelii
1686 2330 1791 2383 lux
1837 2329 1952 2384 late
1993 2329 2323 2400 spargitur,

182 2428 253 2476 et
294 2418 461 2474 multi
514 2417 584 2471 ad
637 2416 994 2487 agnitionem
1030 2417 1151 2472 Dei
1205 2427 1267 2473 et
1314 2418 1385 2471 ad
1430 2420 1602 2472 vitam
1653 2429 1951 2498 aetenym
1994 2431 2320 2484 vocantur,

179 2505 438 2582 propter
471 2523 627 2580 quos
663 2518 982 2562 servantur
1012 2507 1252 2579 politiae
1273 2546 1288 2564 .
1323 2521 1477 2578 quae
1518 2506 1661 2563 liunt
1697 2506 1951 2579 hospitia
1986 2508 2326 2565 Ecclesiae.

179 2600 260 2657 In
295 2601 417 2669 boc
449 2613 702 2654 numero
739 2615 874 2654 esse
908 2599 1156 2654 Hieron.
1182 2597 1433 2670 Nopum
1470 2614 1813 2670 speramus,
1851 2610 1946 2668 et,
1982 2610 2047 2653 ut
2080 2591 2325 2672 semper

181 2691 245 2745 ei
281 2690 433 2744 adsit
464 2689 674 2752 Deus,
711 2703 952 2761 semper
984 2695 1123 2742 eum
1160 2688 1450 2758 gubernet
1476 2688 1693 2757 Spiritu
1723 2688 1968 2754 Sancto,
2006 2703 2084 2743 ex
2120 2690 2324 2747 animo

178 2793 525 2853 precamur.
593 2767 919 2834 Postremo
966 2790 1026 2833 et
1060 2777 1397 2833 Ecclesiam
1431 2776 1936 2849 Ratisponensem
1973 2779 2321 2847 hortamur,

147 2855 257 2925 vnt
289 2867 599 2941 Evangelii
636 2870 944 2942 puritatem
981 2867 1234 2923 retinere
1270 2869 1538 2935 studeat,
1578 2878 1637 2923 et
1672 2869 1980 2923 ministros
2016 2879 2178 2924 recte
2215 2869 2325 2924 do.

174 2971 395 3015 centes
418 2959 672 3029 benigne
703 2945 940 3024 foveat,
979 2969 1045 3012 ut
1066 2958 1482 3028 gratitudinem
1512 2974 1680 3013 suam
1716 2974 1854 3029 erga
1877 2955 2080 3014 Deum
2117 2971 2324 3015 osten.

174 3051 289 3105 dat
322 3064 434 3121 pro
469 3061 753 3105 renovata
785 3049 920 3103 luce
949 3046 1275 3118 Evangelii.
1342 3047 1572 3104 Ferunt
1608 3049 1764 3103 enim
1802 3050 1858 3103 in
1894 3049 2105 3103 iisdem
2129 3048 2324 3118 regio.

173 3139 692 3210 nibus,-semina
740 3138 1048 3208 Evangelii
1101 3140 1299 3195 statim
1349 3151 1487 3210 post
1534 3139 1862 3211 Apostolos
1916 3155 2122 3211 sparsa
2184 3151 2322 3210 esse

174 3246 301 3304 per
339 3229 593 3287 Lucium
628 3231 1033 3301 Cyrenaeum,
1068 3229 1169 3300 qui
1206 3229 1262 3283 in
1305 3231 1473 3284 Actis
1504 3224 1941 3301 Apostolorum
1978 3228 2321 3285 celebratur

175 3338 316 3394 cap.
355 3320 515 3378 xm.
583 3320 762 3374 Hunc
808 3333 1088 3375 secutum
1134 3318 1444 3374 exercitus
1490 3317 1803 3392 Romanos
1851 3318 1919 3372 ad
1968 3319 2321 3376 Danubium

173 3423 426 3469 narrant
458 3411 518 3465 in
553 3413 816 3480 Augusta
853 3405 1141 3464 Tiberina
1174 3408 1394 3464 Christi
1432 3426 1651 3464 nomen
1689 3421 1745 3463 et
1782 3409 2117 3464 doctrinam
2152 3424 2323 3482 prae.

179 3504 448 3558 dicasse.
516 3499 674 3558 Tam
701 3501 820 3555 cito
843 3496 1019 3555 Deus
1043 3499 1155 3565 sibi
1187 3501 1249 3557 in
1277 3501 1400 3554 istis
1426 3499 1663 3571 populis
1687 3497 2029 3555 Ecclesiam
2056 3498 2320 3573 collegit.

179 3593 504 3651 Gaudeant
535 3603 734 3647 autem
757 3602 916 3650 nunc
949 3605 1194 3661 quoque
1217 3591 1326 3661 pii,
1363 3605 1570 3644 rursus
1606 3603 1921 3646 accensam
1959 3602 2094 3646 esse
2117 3591 2320 3653 lucem

177 3683 533 3754 Evangelii,
600 3693 852 3752 eamque
915 3680 1076 3734 veris
1143 3680 1350 3742 officiis
1402 3681 1653 3734 retinere
1719 3690 1970 3748 curent,
2029 3692 2097 3738 ut
2142 3678 2321 3740 Deus

174 3785 490 3843 aeternus,
509 3762 694 3828 ⁴Pater
719 3771 941 3830 domini
968 3770 1156 3830 nostri
1179 3769 1334 3825 Jesu
1359 3766 1604 3846 Christi,
1625 3780 1770 3836 vere
1793 3768 2108 3828 invocetur
2137 3785 2196 3852 et
2219 3786 2321 3828 ce..

169 3865 475 3923 lebretur.
543 3845 736 3917 Da‘tae
761 3859 1187 3928 VVitenbergae
1213 3861 1306 3914 die
1332 3857 1590 3915 Octobr.
1619 3862 1699 3914 15.
1714 3897 1734 3930 ,
1771 3876 1924 3916 anno
1955 3847 2322 3936 MDme.

407 3981 412 3986 ’
1984 3948 2077 4009 M·
2115 3951 2199 4033 μ.

350 4045 496 4130 ἔξω,
530 4038 614 4112 V.
1421 4106 1447 4128 ,
1827 4044 1907 4112 38
