2848 4595
511 251 634 323 263
895 254 900 259 ·
1489 256 1695 345 1540.

512 413 878 473 crudelitas„
923 416 1059 473 Nos
1097 418 1313 491 pudeat
1334 420 1472 473 esse
1497 430 1617 473 tam
1644 417 1962 480 delicatos,
1997 426 2063 471 ut
2084 417 2298 486 injuste
2321 413 2642 473 nobiscum

510 509 600 574 agi
627 525 658 560 a
685 506 821 561 Deo
853 516 1131 578 putemus
1149 550 1166 576 ,
1204 510 1254 564 si
1278 525 1394 563 nos
1419 509 1607 576 adfligi
1636 509 1811 571 sinat.
1873 507 1986 560 Sed
2011 506 2171 561 hanc
2197 504 2644 578 philosophiam
2669 556 2679 562 .

509 596 605 650 isti
642 595 985 665 oligarchici
1021 599 1131 653 viri
1157 617 1277 653 non
1303 608 1544 666 curant,
1578 612 1838 669 quorum
1868 597 2178 651 mollitiem
2204 607 2263 651 et
2288 596 2640 667 cupiditates

508 701 624 740 vos
669 685 959 754 imprimis
1013 688 1296 743 detestari
1350 689 1602 745 scimus.
1670 686 1956 741 Videmus
2010 698 2368 750 senescente
2416 687 2641 741 mundo

509 788 790 831 crescere
827 777 1185 848 impietatem
1224 790 1286 834 et
1315 777 1652 848 Epicureas
1689 778 2022 849 opiniones.
2091 777 2189 832 Eo
2238 776 2449 846 majori
2500 794 2643 831 con-

503 866 772 920 ‘tentione
817 881 999 920 veros
1046 868 1314 921 honores
1370 864 1492 921 Dei
1521 866 1692 941 ‚tueri
1745 882 1957 921 omnes
2006 867 2084 938 pii
2120 864 2467 941 debebant,
2516 883 2671 923 non..

509 956 709 1010 solum
755 956 1040 1010 doctores
1081 955 1533 1024 Ecclesiamm,
1586 957 1693 1011 sed
1738 957 1911 1010 etiam
1962 957 2183 1011 caeteri
2220 956 2324 1028 qui
2360 965 2643 1028 praesunt

510 1034 852 1100 civitatibus
877 1083 896 1112 ,
945 1062 1102 1117 quos
1149 1046 1328 1100 etiam
1376 1060 1547 1123 suam
1581 1048 1998 1103 auctoritatem
2034 1038 2104 1100 ad
2138 1047 2385 1117 gloriam
2422 1046 2640 1101 Christi

511 1135 788 1189 conferre
823 1136 1108 1207 oportuit.
1179 1139 1392 1191 Astute
1424 1136 1549 1191 hoc
1598 1152 1839 1214 semper
1883 1147 2132 1205 egerunt
2178 1137 2536 1215 adversarii,
2582 1146 2645 1190 et

508 1221 560 1279 si
585 1241 733 1295 quas
757 1236 1098 1296 proponent
1129 1226 1601 1294 moderationes,
1630 1227 1952 1298 praecipue
1977 1224 2102 1281 hoc
2130 1228 2320 1281 acturi
2344 1228 2641 1295 videntur,

510 1325 579 1368 ut
611 1324 856 1369 nostros
890 1314 1253 1383 distrahant,
1303 1334 1422 1371 non
1479 1317 1662 1386 ignari
1694 1317 2006 1372 concionis
2042 1315 2329 1371 Eumenis
2366 1317 2440 1377 de
2478 1318 2644 1372 Anti..

510 1421 705 1479 gono,
760 1404 817 1458 in
866 1421 981 1476 qua
1025 1404 1120 1459 ille
1165 1406 1446 1471 narrabat
1488 1405 1830 1480 apologum.
1911 1406 2043 1462 Leo
2094 1407 2388 1479 quispiam
2434 1420 2640 1461 amans

507 1495 764 1564 pastoris
802 1492 1304 1571 filiamqpuellam,
1349 1496 1555 1568 petivit
1599 1495 1713 1551 sibi
1762 1512 1893 1551 eam
1938 1496 2057 1551 dari
2103 1511 2397 1566 uxorem,
2446 1506 2641 1552 narrat

511 1600 778 1638 amorem
813 1574 1022 1653 suum,
1069 1587 1326 1658 ideoque
1363 1587 1691 1658 promittit,
1740 1587 1971 1658 puellae
2003 1585 2150 1641 nihil
2187 1587 2312 1641 fore
2350 1586 2663 1659 periculi,-

445 1706 450 1713 ·
510 1675 616 1728 sed
651 1674 946 1731 victuram
982 1686 1112 1731 tuto
1161 1683 1219 1730 et
1252 1679 1519 1731 suaviter
1552 1676 1703 1748 apud
1739 1679 1955 1747 ipsum.
2021 1675 2245 1731 Pastor
2278 1676 2636 1748 respondet,

509 1766 671 1821 initia
707 1768 925 1822 amoris
962 1768 1299 1822 ardentiora
1335 1784 1507 1834 esse,
1545 1775 1754 1837 postea
1788 1782 1969 1836 saepe
2004 1766 2264 1821 incidere
2302 1769 2459 1821 rixas
2487 1768 2639 1822 inter

508 1868 799 1911 nutantes.
864 1855 1049 1934 Quod
1083 1858 1133 1912 si
1171 1858 1323 1912 inter
1358 1858 1553 1929 ipsum
1590 1866 1649 1912 et
1684 1856 1939 1929 puellam
1986 1856 2324 1923 accideret,
2369 1868 2637 1912 metuere

509 1962 577 2001 se
610 1944 838 2017 ungues
865 1959 936 2017 ,et
969 1950 1176 2004 dentes
1211 1947 1427 2004 leonis.
1496 1947 1639 2001 Abit
1675 1946 2024 2015 igiturleo,
2076 1963 2146 2001 ac
2196 1948 2401 2003 dentes
2451 1946 2636 2002 eximi

511 2055 582 2092 ac
629 2038 892 2093 truncari
936 2055 1168 2108 ⁴ungues
1209 2046 1413 2105 curat,
1465 2046 1677 2110 postea
1724 2036 1795 2090 ad
1842 2046 2144 2107 pastorem
2187 2036 2376 2105 redit,
2426 2038 2640 2091 iterum

509 2130 656 2201 petit
692 2129 921 2198 puellae
958 2130 1213 2200 nuptias.
1282 2127 1505 2184 Pastor
1536 2137 1605 2206 ut
1636 2126 1787 2182 vidit
1821 2128 2060 2183 leonem
2096 2140 2468 2182 exarmatum
2502 2144 2638 2185 esse

485 2220 808 2288 ,unguibus
844 2230 905 2273 et
938 2216 1252 2285 dentibus,
1299 2219 1455 2273 fuste
1491 2234 1628 2273 eum
1663 2218 1897 2273 multat.
1965 2218 2051 2273 Ita
2101 2218 2312 2273 videtis
2364 2219 2640 2283 adversa-

508 2312 631 2364 rios
661 2311 720 2364 id
745 2327 957 2377 agere,
992 2321 1057 2365 ut
1081 2307 1348 2378 singulos
1371 2309 1625 2364 nudatos
1655 2310 1958 2381 praesidiis
1981 2304 2346 2381 opprimant.
2411 2307 2639 2363 Verum

509 2403 570 2455 id
605 2401 863 2456 viderint
897 2400 1001 2468 illi,
1034 2400 1111 2454 'ad
1147 2417 1302 2473 quos
1337 2401 1486 2455 haec
1523 2416 1664 2454 cura
1701 2391 1979 2472 pertinet.
2046 2399 2346 2456 Nostrum
2374 2408 2465 2454 est
2496 2415 2645 2453 con.

510 2491 785 2546 stantiam
819 2492 878 2545 in
911 2491 1160 2546 dicenda
1192 2507 1332 2545 vera
1365 2492 1658 2545 sententia
1693 2499 2025 2562 praestare,
2079 2502 2139 2545 et
2185 2490 2483 2544 cruciatus
2525 2506 2640 2561 pro

509 2579 734 2636 Christi
768 2579 953 2650 gioria
1002 2596 1127 2639 non
1173 2580 1487 2650 defugere,
1541 2581 1590 2634 si
1644 2579 1838 2635 rabies
1888 2580 2365 2647 adversariorum
2410 2594 2524 2635 nos
2568 2579 2645 2635 ad

506 2669 796 2742 supplicia
831 2671 1036 2743 rapiet.
1104 2670 1272 2725 Haec
1307 2669 1662 2741 scripsimus
1688 2670 1759 2724 ad
1783 2685 1898 2724 vos
1924 2670 2159 2742 optimo
2182 2678 2240 2723 et
2265 2669 2638 2725 amicissimo

510 2759 742 2825 animo,
794 2776 862 2812 ae
912 2761 1220 2832 petimus„
1253 2768 1319 2814 nt
1367 2759 1679 2830 epistolam
1730 2769 1997 2815 nostram
2031 2759 2177 2813 boni
2213 2759 2538 2814 consulatis
2574 2774 2649 2834 ac

510 2851 686 2905 nobis
723 2866 901 2922 quam
935 2850 1197 2920 primum
1230 2846 1663 2920 respondeatis.
1732 2848 1899 2903 Bene
1934 2849 2144 2903 valete.

1826 3009 2130 3081 Martinus
2175 3007 2564 3086 Lutherusr²

1826 3139 2043 3193 Justus
2087 3133 2307 3193 Jonas.

1828 3267 2144 3323 ‚Iohannes
2191 3267 2637 3339 Bugenhagius.

1832 3397 2142 3471 Philippus
2181 3397 2556 3456 Melanthon.
