2848 4595
1214 244 1394 316 1542.
1516 300 1530 307 -
2228 232 2355 319 519

258 410 320 456 et
353 409 544 457 morte
579 401 751 456 nobis
801 418 929 458 eam
964 388 1565 476 vitam⁸eomparareh
1630 404 2006 474 Mor-imur,
2053 402 2355 463 sed'vivi,

257 506 431 557 mus,
484 501 546 546 ut
592 492 668 544 ait
699 491 941 548 Paulus.
1005 491 1096 567 Et
1119 494 1270 550 bene
1305 495 1615 549 nobiscum
1660 486 1859 549 actum
1895 504 2017 562 est,
2069 497 2205 550 dum
2240 496 2356 553 fide

257 597 404 650 pura
436 580 494 634 in
530 579 711 636 fllium
747 582 866 637 Dei
901 581 1328 639 obdormimus.
1399 584 1534 638 Hoc
1570 594 1660 639 est
1691 599 1871 652 vere,
1909 585 2217 639 meliorem
2249 585 2361 639 mi..

259 672 643 726 sericordiam
693 683 852 726 tuam
901 689 1035 728 esse
1086 689 1265 745 super
1313 674 1487 728 vitaS.
1574 672 1815 747 Quanto
1867 687 2039 742 sunt,
2097 691 2361 744 quaese,

261 762 571 815 intervallo
607 761 678 815 ab
710 759 827 815 bac
861 762 1045 831 gloria
1082 776 1140 818 et
1175 764 1583 818 consolatione
1610 763 1886 831 Turcae,
1919 764 2131 818 Judaei
2170 775 2228 818 et
2260 764 2362 821 his

262 852 501 923 pejores
545 853 838 923 papistae‚
890 851 1223 910 Cardinales
1273 855 1457 908 Heinz
1502 866 1560 908 et
1605 840 1850 920 Meinz,
1902 870 2054 925 quos
2103 854 2365 924 oportuit

263 942 495 1010 lugere,
533 961 606 996 ne
641 944 908 1011 lugerent
941 944 998 997 in
1032 955 1402 1017 perpetuum.
1471 942 1608 998 Nos
1640 942 1943 998 modicum
1979 945 2363 1001 contristatos

263 1033 525 1105 excipiet
550 1033 948 1088 inenarrabilis
972 1034 1208 1103 laetitia,
1245 1036 1312 1088 ad
1339 1050 1514 1106 quam
1539 1046 1634 1089 tua
1654 1031 1851 1090 Ketha
1881 1045 1938 1089 et
1963 1052 2090 1089 mea
2114 1034 2367 1105 Magda-

263 1122 404 1190 lena
440 1140 580 1177 cum
614 1123 814 1178 multis
860 1123 985 1178 aliis
1022 1141 1134 1179 nos
1169 1135 1659 1195 praecesserunt,
1709 1135 1770 1179 et
1814 1126 2070 1195 quotidie
2104 1141 2214 1182 nos
2235 1165 2252 1193 ,
2299 1134 2368 1182 ut

262 1228 614 1283 sequamur,
668 1221 917 1279 vocant,
964 1211 1311 1281 hortantur,
1361 1213 1641 1267 alliciunt.
1723 1212 1879 1287 Quis
1929 1214 2086 1269 enim
2116 1212 2366 1271 'tandem

263 1319 382 1356 non
438 1286 1022 1373 fatigetur‘monstris
1072 1302 1485 1374 exemplorum
1532 1302 1590 1356 in
1622 1302 1746 1357 hoo
1790 1303 2076 1360 saeculo?
2142 1304 2202 1360 si
2236 1319 2368 1359 sae.

264 1393 467 1447 culum
495 1409 562 1446 ac
583 1409 705 1447 non
740 1393 866 1465 ipse
888 1392 1146 1449 infernus
1172 1392 1461 1447 malorum
1485 1391 1598 1447 dici
1622 1391 1826 1462 debet,
1861 1392 2074 1464 quibus
2102 1402 2367 1450 nostram

267 1483 518 1549 animam
554 1492 613 1537 et
646 1480 1048 1552 conspectum*
1069 1482 1337 1537 cruciant
1371 1482 1466 1537 isti
1503 1482 1840 1537 Sodomitae
1875 1483 2000 1539 dies
2044 1493 2099 1539 et
2132 1480 2367 1539 noctes.

266 1573 352 1629 Et
385 1584 448 1627 ut
500 1573 557 1627 in
593 1572 733 1629 Noti
766 1570 988 1627 factum
1021 1569 1266 1641 legimus
1285 1610 1305 1639 ‚
1355 1572 1706 1627 contristant
1748 1572 2024 1642 Spiritum
2059 1564 2397 1642 sanctum,⁴

262 1679 460 1735 usque
507 1662 575 1716 ad
623 1664 1036 1734 poenitentiam
1088 1664 1392 1715 creaturae
1426 1661 1652 1732 totius,
1698 1677 1849 1733 quae
1893 1679 2008 1717 una
2047 1662 2369 1721 nobiscum

265 1753 442 1824 gemit
498 1751 976 1807 inenarrabilibus
1012 1748 1064 1817 ¹)
1115 1738 1428 1820 gemitibus
1478 1765 1590 1821 pro
1640 1751 2002 1806 redemtione
2054 1761 2115 1806 et
2164 1753 2255 1808 sui
2308 1762 2369 1810 et

265 1853 650 1909 nostrorum,
701 1858 877 1914 quam
914 1841 1256 1913 propediem
1290 1839 1566 1895 exaudiet
1609 1840 1743 1919 ille,
1796 1841 1895 1912 qui
1929 1843 2183 1911 gemitus
2218 1843 2367 1911 istos

266 1934 380 1990 scit
413 1944 472 1987 et
506 1932 807 2001 intelligit,
858 1934 1068 1984 Amen.

396 2039 594 2104 Haec,
625 2048 687 2094 ut
721 2036 860 2092 nihil
888 2038 1013 2107 jam
1048 2036 1198 2090 aliud
1225 2049 1484 2106 possum
1519 2044 1682 2091 certe
1726 2034 1990 2093 turbatus
2024 2045 2121 2092 tua
2156 2047 2373 2108 eausa,

265 2129 533 2184 scribere
567 2128 765 2192 volui,
798 2143 973 2198 quem
1009 2142 1129 2180 non
1167 2125 1371 2180 dubito
1405 2125 1755 2195 gravissimo
1790 2127 1956 2181 luctu
1990 2141 2371 2199 oppressum.

261 2220 410 2277 Mea
434 2218 628 2289 Ketha
664 2217 984 2272 exanimata
1011 2217 1132 2270 fuit.
1198 2215 1355 2271 Nam
1392 2227 1449 2271 et
1483 2215 1634 2271 illius
1670 2224 1728 2271 et
1749 2232 1853 2271 sua
1886 2216 1993 2272 fuit
2025 2234 2142 2272 una
2175 2220 2369 2274 anima

262 2309 609 2366 unitissima.
686 2308 977 2372 Oramus,
1030 2316 1092 2360 ut
1125 2306 1426 2362 Dominus
1469 2322 1706 2361 carnem
1753 2317 1911 2362 tuam
1964 2309 2138 2363 etiam
2187 2309 2367 2365 solari

266 2401 436 2457 velit.
492 2399 650 2456 Nam
686 2397 926 2470 spiritus
962 2396 1169 2464 habet,
1207 2396 1366 2467 quod
1403 2396 1684 2465 gaudeat,
1718 2397 1857 2452 dum
1881 2396 2126 2468 cogitat,
2160 2399 2370 2454 mulie.

268 2508 396 2547 rem
444 2501 709 2546 sanctam
754 2498 813 2542 et
845 2473 1073 2546 beatam
1129 2503 1159 2539 a
1210 2475 1407 2541 latere'
1436 2496 1538 2541 tuo
1590 2486 1647 2541 in
1682 2487 1916 2544 coeium
1962 2498 2025 2543 et
2068 2498 2368 2545 aeternam

267 2583 445 2636 vitam
481 2587 779 2650 ereptam,
834 2578 903 2632 de
941 2583 1054 2647 qua
1092 2592 1152 2628 re
1189 2592 1307 2629 non
1344 2583 1439 2628 est
1471 2573 1749 2641 dubium,
1797 2575 1934 2631 dum
1969 2579 2055 2632 sio
2090 2579 2239 2650 piis,
2273 2580 2366 2634 sio

266 2670 483 2728 sanctis
517 2668 716 2724 verbis
764 2667 1037 2721 confessa
1072 2665 1246 2719 fidem
1292 2663 1651 2719 obdormivit
1700 2659 1755 2720 in'
1797 2667 1925 2720 sinu
1962 2667 2202 2723 Christi.
2270 2668 2368 2724 Sio

268 2772 327 2816 et
350 2777 481 2815 mea
503 2755 616 2813 filia
639 2755 1034 2820 obdormivit,
1068 2747 1281 2822 mag‘no
1306 2764 1366 2808 et
1398 2754 1573 2808 unico
1600 2768 1735 2808 meo
1761 2755 1998 2810 solatio·
2062 2756 2366 2818 Dominus

266 2851 370 2923 qui
406 2861 463 2904 te
487 2864 695 2918 passus
732 2857 823 2900 est
848 2828 1174 2910 humiliari,
1213 2842 1437 2897 soletur
1470 2852 1527 2896 te
1554 2858 1827 2910 rursum,
1863 2843 1952 2902 sic
1988 2854 2061 2900 et,
2082 2830 2147 2899 in
2175 2857 2368 2902 aeter.

267 2957 443 3008 num,
476 2941 690 2993 Amen.
757 2935 879 2991 Die
912 2933 1242 2991 Nativitatis
1277 2932 1534 3001 Christi,
1572 2937 1722 2987 anno
1758 2931 2097 2991 MDXLII.

1697 3035 1779 3093 T.
1815 3037 1910 3094 M.
1946 3038 2180 3094 Luther
2212 3040 2297 3095 D.

334 3374 418 3435 26.
455 3373 839 3438 mtecmbet.
1658 3394 1665 3401 ·
1812 3369 1946 3427 No.
1981 3370 2295 3429 MMCIX.

513 3511 612 3580 9111
658 3508 892 3577 mint-c.
940 3504 1264 3578 §routh
1305 3502 1715 3582 &chunebur-
1745 3503 1809 3570 tn
1855 3503 2121 3584 zomon.

273 3653 343 3701 ἓν
368 3652 450 3703 sort
477 3650 566 3701 823
592 3652 732 3703 &obn
759 3651 953 3705 ἵςοικιηη
992 3657 1070 3699 im·
1106 3615 1392 3695 mannudmt
1419 3645 1616 3698 Saffum
1654 3643 1721 3693 int
1755 3644 1977 3702 &dmm
2005 3645 2114 3695 iiber
2149 3649 2230 3695 ten
2269 3648 2365 3697 §tob

965 3722 1109 3774 {einer
1135 3719 1382 3773 ednuester
1407 3719 1671 3772 amatium.

373 3923 415 3970 1)
460 3919 583 3969 ΕΦ.
607 3940 660 3952 ·-
683 3929 804 3973 gem.
832 3916 960 3975 ineu.
